token_id,time_n_sale,time_n-1_sale,time_n-2_sale,time_1_sale,price_n_sale,price_n-1_sale,price_n-2_sale,price_1_sale,buyer_n_sale,seller_n_sale,buyer_n-1_sale,seller_n-1_sale,event_count
9252,1709779211,1629552811,,1629552811,20.450000000000003,26.000000000000004,,26.000000000000004,0x3820c123ca814d9e05c46f30e3b7bb3bab905af5,0xf15c93562bc3944a68e938ef75d2a3360d98ca57,0xe876387b8246663bc0f3c76114ad75d58cfd2b46,0x228c1334fc57eb6e02ecc448e749a041124321c1,2
1448,1620232419,1619910054,,1619910054,0.38,0.24500000000000002,,0.24500000000000002,0x1308eda3ad48d0ab52387852255ac9318ef9146d,0x638b2aa3dfc973c9dc727060cb54d7e39541b7f5,0x638b2aa3dfc973c9dc727060cb54d7e39541b7f5,0x7165a04c41c9e5e67d4850eab1dc6ede84d117f0,2
8444,1630684454,1626750568,1626472970,1620055568,43.0,7.300000000000001,6.300000000000001,0.56,0xc896526faa1fa2bf1d56ffc320c157469039cd2a,0x117018d4422713daa55fd35bfcb2477c77a1d36b,0x555c1de2d072efe8c3ea89e0dffaa3a9a8124c20,0xbd48976850b0dc0f6b336fb0b34c0f0fec253ede,4
1741,1637107141,1636828984,1623708709,1623708709,55.50000000000001,40.0,5.0,5.0,0xfbc76261fd55cf91b81a97dbcc2b3f6118f2b935,0xbaa374c82850d119e4444ba121edd70db4b8e1bd,0xbaa374c82850d119e4444ba121edd70db4b8e1bd,0x020ca66c30bec2c4fe3861a94e4db4a498a35872,3
8025,1739205203,1626203074,1623889185,1620052565,14.3,4.25,1.8790000000000002,0.55,0x2d13c884c4c418664abb1b4a7f491dd89247e42e,0xae28ac81a65e7a430fa69ed9cd1c199ec7f63d30,0x9d9fa64bd35f06c9f0e9598a7df93c31d72d14ce,0x3e1ffa5f95dd6218ec4955216e3df532385c0e2d,5
3477,1734315515,1707697799,1707446951,1619987739,21.0,24.92,23.842100000000002,0.65,0x100e72e79dfa760734b0efe025534b85557f1abb,0xb97bcf9de2a42533d78c56c681faf9817d9a3d7e,0x95ff3f04eccfa15a2bd12d6daf3ccfc5ad354510,0x29469395eaf6f95920e59f858042f0e28d98a20b,5
5401,1629993703,1620020331,,1620020331,38.830000000000005,0.5797775530839232,,0.5797775530839232,0x9cda876347a7b7b7a46cccc64cde862d81ab894f,0xb5ee179ef22964fc3283a49483f40c71231eacd6,0xb5ee179ef22964fc3283a49483f40c71231eacd6,0xb08f95dbc639621dbaf48a472ae8fce0f6f56a6e,2
577,1705200479,1702576895,1701720683,1619908387,24.680000000000003,26.910500000000003,32.4623,0.134,0xe11e70466d9819c214a1a55ad00d25fe6131a241,0x020ca66c30bec2c4fe3861a94e4db4a498a35872,0x0097b9cfe64455eed479292671a1121f502bc954,0xa270342b148aaf4c8750700f66bf5040b0fba475,9
8989,1637803283,1622617263,,1622617263,84.0,4.0,,4.0,0xead2326fafb4fa846545567e46fc3625732b5866,0xc124a73088c871c13d03554da0a11a9c11a651a1,0x46788c4245ea73d4a59fcc69c3930a534bd869f1,0x20ead4e1beef9a54a77dbf3ffcd128c49c4fd0dc,2
8508,1701102179,1700948399,1678742015,1619896179,33.89,32.25,72.0,0.24000000000000002,0x3ccbca9abd30ab90dda4f412de1111c636dfe18e,0xfef05f6fa3a5f6463902e8f6325f4d633b4c0218,0xfef05f6fa3a5f6463902e8f6325f4d633b4c0218,0x22154ec3f542483b2c35d67cb5e75a905338c259,7
998,1621564533,1621086732,1619902279,1619902279,0.53,0.41000000000000003,0.4,0.4,0xf8ce9f1bd06c7559ff45336d55b1c9de46ce019d,0xe745a229b5b62cae3b525873d48b48e4e0d89f06,0xe745a229b5b62cae3b525873d48b48e4e0d89f06,0xedcb20e324e75553c9c7e7578efae48aab4702ff,3
2681,1640323798,1624222536,1623783956,1622349104,54.88,4.0,1.7000000000000002,0.45,0xd186a2f2302f49ca44e38427e803e2e2a021c83c,0xf261321cfd6c60bd42b65b06b42b52cc20e638f3,0x1936e4c96feda480fe7c864d44625b534bf613c3,0x5f4404c2a87d8a76e8273dfd34ac2e50c7db24ff,5
8600,1621631175,1619948545,,1619948545,0.5555,0.35000000000000003,,0.35000000000000003,0x8a63f83b0e1be77934b5a2f812a0ba4cdbe1befb,0xc8b0d32bc09fb11c12c82582825c1e6b624822b8,0xc8b0d32bc09fb11c12c82582825c1e6b624822b8,0xf8856124ea157d6f26472e38224ee6744ad13af3,2
8850,1738404167,1719790907,1719587795,1619917066,12.530000000000001,9.850000000000001,10.100000000000001,0.24000000000000002,0x1ea27bce786a81022dfc156059771e8d3279a9a6,0x99e830e0a6db178fcf20e5b1020b8cc9ccb3917e,0x715af6b6c6e3aefb97f1f6811ce52db563b38896,0x24fb6523036ebcb3cc51deff138066dccf6bed0f,26
1202,1643393272,,,1643393272,115.00000000000001,,,115.00000000000001,0x3c8dbfd191fa830cfefc2b1483fd96cf9aecf490,0xd84f2a1e504f15b413ca9feea52135f01c5c775a,,,1
9579,1634854356,1619868684,,1619868684,34.0,0.2222,,0.2222,0xbc39994053b560f4ca2c061fcac84b7502d538ca,0x3ced4ab8f70798c4354944261d6befba89a51171,0xa72e7840622612136c08b03cd84b331e7b35b7cb,0x3c6137504c38215fea30605b3e364a23c1d3e14f,2
3371,1622559191,1622522941,1619896849,1619896849,0.9600000000000001,0.8800000000000001,0.22000000000000003,0.22000000000000003,0x430d553c967ec200045a60951ef5dab3cde95548,0xe376b4cc6daff66731a15c64967cbbf31747735a,0xe376b4cc6daff66731a15c64967cbbf31747735a,0xde9d3d972718a0deccebc4846496402d4dcb108d,3
9937,1620476124,1619964475,,1619964475,0.37000000000000005,0.35000000000000003,,0.35000000000000003,0xe47e1ac440a31a8c77c825cf30d9a91f6352bc84,0xa08abdf10c859559b04751583118e177525cd8da,0xa08abdf10c859559b04751583118e177525cd8da,0x3e415cbd89d9c5f0e7476e0f3e7dfe984d0f9fef,2
6103,1718745683,1718711219,1714122947,1663364135,15.500000000000002,13.750000000000002,36.99,83.00001,0x52b1180367d47f64a7de5535abe78c8e16f735ef,0xd8d741dc89c1de3b2f314693752892255105c8aa,0xd8d741dc89c1de3b2f314693752892255105c8aa,0x2707b4537a1d78fda74df35b0a803b66e651972e,5
9631,1651249764,1650756148,1620268563,1620268563,163.0,135.99,0.49000000000000005,0.49000000000000005,0xa9cadcd89f4906c82672b4154ffb19c4e8409ab5,0x2c2ed4b3876c442fee80bee76ce0ee2ca2a512af,0xbd302b98060febeaac5234ad092ae5ee08d8fdb8,0x31a1865838ab408f32e08798d1e5e96ce7038aca,3
5139,1715441735,1715439227,1715436647,1619933181,14.000000000000002,14.06,14.06,0.27,0x218e312ff5181290a46e3f87a73a8ad40c05a944,0x29469395eaf6f95920e59f858042f0e28d98a20b,0xa69833b9fda816f1bfc79517e7932e64708df0dd,0x29469395eaf6f95920e59f858042f0e28d98a20b,72
8433,1623861076,1620032004,,1620032004,5.1000000000000005,3.8000000000000003,,3.8000000000000003,0x3f879f1ffdd5ba2f976565511dec9d9f615a3131,0xa9951c0d574659fe6be1fd8d9290b4ce867f28fd,0xa9951c0d574659fe6be1fd8d9290b4ce867f28fd,0xb0b2b405c9d09d129e9f9b18c9dd218c532f2b2a,2
4076,1719585911,1626479359,1624391323,1620354401,13.500000000000002,17.880000000000003,10.180000000000001,1.0,0x72fad4173180f58e0d2c964f160d383cd454ff79,0x79bc173933cd8bdc6399e8f692f75f56490a18c1,0xad4f67e4ce7cc8cfdb9ce1b8d66bdee9a65b9c39,0xd44fe5724dd7aa35c96d51861f4ca33069fac33a,4
2643,1658669357,1655303610,1641077621,1622536815,120.4269,120.00000000000001,86.0,1.79,0x6a4c4695428d1bb3fac49614dfcf390bc78facfe,0x888e552fc9a9dbfaa5b854bc6f128c1a4142ad28,0x888e552fc9a9dbfaa5b854bc6f128c1a4142ad28,0x54a25a05f1680928b2ae1469c6c2033794d6c45e,7
2722,1619945870,1619905864,,1619905864,0.33330000000000004,0.14300000000000002,,0.14300000000000002,0x97c9bce3e4cd7f36fbf4d7a28299f623f08febb4,0x33d27f0bb797de3d20e519f4a192b7570c56681b,0x33d27f0bb797de3d20e519f4a192b7570c56681b,0xd2aff66959ee0e6f92ee02d741071ddb5084bebb,2
5419,1619912238,,,1619912238,1.5,,,1.5,0x9f5c28da8f8622d36dc0f596142d66bb1512bab5,0xb30452beca9c462bc6773582c9e0d70cc60e7321,,,1
9290,1620565413,1619988731,,1619988731,0.459,0.5,,0.5,0x049ffb82168abfcf203af1a96b1176a55ff2568b,0x84af839e3b2a2ba48b99da7ad663b0e519561332,0x84af839e3b2a2ba48b99da7ad663b0e519561332,0xd387a6e4e84a6c86bd90c158c6028a58cc8ac459,2
6540,1650458786,1648453816,1647609080,1619864001,119.42,101.00001,93.0,0.18000000000000002,0xfa02f114614fdaa0f1af9d354f34093346bd9a00,0x9b72ca489d6f764f1c298a715eb58502a0c07e62,0x9b72ca489d6f764f1c298a715eb58502a0c07e62,0xc3b5533cfed62c10e8fc04aecbd4bd09312841d0,9
7571,1630301056,1626341901,1625984170,1624131777,45.0,4.98,3.6969000000000003,4.0,0xe4912907de8dbb658e48eedfae30cfcc17103c9e,0x97e9d5ae8c49f2578622ac075071c7a919bbf229,0x97e9d5ae8c49f2578622ac075071c7a919bbf229,0x16a7cf1b739fc45d7ceac90ad6a7582126db4b00,4
53,1622570204,,,1622570204,1.0,,,1.0,0x19c411ff9e5711c7ae393e4f37e52f5d791a2e85,0xce1599327c6cb91c98f876ccc4666869e4862357,,,1
6260,1639788612,1624255740,1622533721,1620040703,70.0,3.9000000000000004,1.1800000000000002,0.5,0x320baaaf67f1f5c5d37e0c54d808af46faf6d348,0xacbd9e4d04e8a654d1aca9d0a20de74f08fda155,0x3c6ad2dd77b6ac3dac138279f0a4a98270d08a74,0x73a540d80af861645431e60cf1d9ebc55aea835b,6
4102,1649686531,1640998993,1623277511,1620253613,120.00000000000001,64.5,1.6900000000000002,0.45,0x689ff3ca56b7f226b82a8baec3602ff08be2408d,0x80de2f874067b092bcb914144efbe1b54a731f4d,0x80de2f874067b092bcb914144efbe1b54a731f4d,0x6da7a772fa68a735e58763dff22fb560ecd94ce1,7
6366,1678517507,1678450643,1678255715,1620052435,67.69000000000001,66.57000000000001,70.5,0.51,0x15bd2aa5d34727f72d17636b055b62299486fe1a,0x5eba35d60f0f995ac7118d290f43292c7937b52e,0x5eba35d60f0f995ac7118d290f43292c7937b52e,0x36c1625e5ee6fbfa9fadd4f75790275e5eab7107,16
985,1696271471,1679603411,1678812215,1668168779,26.98,59.7,65.06,66.26310000000001,0x26b03767002ee4141fec77a0dbc6b098ec5040ed,0xd007058e9b58e74c33c6bf6fbcd38baab813cbb6,0xf7e886215cd82e9cacf1b1d2cd7ca5cc01d6488e,0xd64e1f3a2df4c153f26e7cb79e42673df385d239,5
991,1652155055,1625594350,1624646587,1624646587,112.00000000000001,10.0,7.000000000000001,7.000000000000001,0xbb0f04de7972d5f4283cf6c1300477bf42dd4faf,0x003a85c562730b196f7cba202a2515f2ff855736,0x1fb22b11edb72229edbab4fc609090db0b4db422,0xece772fe6bb5e9869c12ecfa94f5a6b463ee6cd7,3
8113,1693465271,1692755795,1624140891,1619861747,39.0,24.5,7.6000000000000005,0.12000000000000001,0x0263c008ae1f84ff6ec1f7b041775a22831e8d31,0x16317793c97a600e5433d917cd523f2fb6b8d26f,0x16317793c97a600e5433d917cd523f2fb6b8d26f,0x7165a04c41c9e5e67d4850eab1dc6ede84d117f0,6
6829,1623030709,1622390499,1620058256,1619991359,1.55,0.56,0.55,0.38,0x6e53ef4c3d1ce2890801098be3f441b1c6d531c4,0xde5d7d1dbf75b1fbf70be6f4a9a9f5442751a8c1,0xde5d7d1dbf75b1fbf70be6f4a9a9f5442751a8c1,0x1fdbffd0d8e237e64e68a904c2a6f447a1ad5c90,5
3472,1619909688,1619857402,1619855028,1619855028,0.25,0.07500000000000001,0.060000000000000005,0.060000000000000005,0x3e6dae241c9e3dd9b7746150c9f7778f828dbd6d,0xd973b3a47fe3757cd7f2085412c92b2f51c256b5,0xd973b3a47fe3757cd7f2085412c92b2f51c256b5,0x230d3d9c0f122a11fddf8d63eb9cb567c5b6b994,3
1002,1635427558,1633348595,1630882665,1620194704,36.900000000000006,37.891000000000005,38.5,0.34990000000000004,0x0cb4980ab66b6a5e0416222c75cb446dd8c32ffd,0x4c476564c0aac986a2408d2dc539b295fba98bae,0x82e4a1fd824378e3cfe8218a1538eabe9bf94df0,0xd7a9ccad4ddb88f9a39fcc87748a045767baf5dd,6
2805,1644743276,1626307611,1625018865,1622892528,103.00000000000001,4.69,2.5500000000000003,1.1,0x768ca08bdad020d6fdf9a4faec5e3c6983ee8363,0xcc8e6d83a65bfabf0007f2633c5fc3f8c85c680c,0xcc8e6d83a65bfabf0007f2633c5fc3f8c85c680c,0x339ea14d82373cdbd329ad32a1f192d3c5c1efc4,4
1919,1623083554,1622280695,,1622280695,2.5,0.6000000000000001,,0.6000000000000001,0x3f17244f636f12e4324717ba47848be81d6bcb35,0xca4c7708dc417293a97aa4f80e1a3e7084660ece,0xca4c7708dc417293a97aa4f80e1a3e7084660ece,0xd387a6e4e84a6c86bd90c158c6028a58cc8ac459,2
335,1631260390,1629478613,,1629478613,38.0,18.75,,18.75,0xf7c3ed5ae30561c65b3cd13cc265a5753ba212ef,0xd4c5211966074126b8f932596a26a34e5ae31d45,0xd4c5211966074126b8f932596a26a34e5ae31d45,0x53797a73169c9cec4b573db7139703152fe9e41d,2
2203,1710316967,1623468454,1620011640,1620011640,14.8,1.8800000000000001,0.79,0.79,0xaf184b4cbc73a9ca2f51c4a4d80ed67a2578e9f4,0x945191ab90d5b511f80c297681e5de54e55c50b8,0xa6e39bf5d8a13e1fb0296737e8ecf7cda7ac62cb,0x36b70581a4d5ebfdb5c39361c90242fba3c7dacc,3
7850,1623620589,1620057571,1620040771,1620040771,5.550000000000001,1.61,1.1,1.1,0x7a9fe22691c811ea339d9b73150e6911a5343dca,0x3d6a89c8751a45dd577a4c1f3b34e71c58236193,0x3d6a89c8751a45dd577a4c1f3b34e71c58236193,0x6903f3a1540946c34e3a577ad6ffcbe43356dcbe,3
1504,1626964563,1624232957,,1624232957,8.75,5.25,,5.25,0x7b8374dbb22da6811787d1a0f33e0996e3ba783b,0x8ab83d869f2bc250b781d26f6584fd5c562fdd9d,0x8ab83d869f2bc250b781d26f6584fd5c562fdd9d,0x8ad272ac86c6c88683d9a60eb8ed57e6c304bb0c,2
2213,1739457599,1729871087,1702226015,1622433864,14.340000000000002,13.7688,29.110000000000003,1.1500000000000001,0x0b1dcff2e768ebb32db9c2b23b97e519a093b3c3,0xc90eb40062a26fb4290b614ff7bd426490f077be,0xc90eb40062a26fb4290b614ff7bd426490f077be,0x3e51ea678942245457eb62917cc3daa0bad8bc2e,9
4284,1700918459,1699107047,1699104995,1645692357,29.73,28.32,28.55,77.77770000000001,0xae7fca4f38a28fe3580d42d7a56190ff4b80dc65,0x29469395eaf6f95920e59f858042f0e28d98a20b,0x7df70b612040c682d1cb2e32017446e230fcd747,0x020ca66c30bec2c4fe3861a94e4db4a498a35872,33
1854,1624060676,1624058101,1624054061,1624054061,1.9700000000000002,1.8,2.0,2.0,0x01e43506d96ffd486506bc0808067b344a1289b8,0x713f90407fc49f0bc59a6661c23fb67692a80e6d,0x713f90407fc49f0bc59a6661c23fb67692a80e6d,0x6ceca7911c1a4dd84451716b698995324609ad48,3
228,1643344421,1641426638,1627800821,1627800821,99.99000000000001,71.0,8.88,8.88,0x840de9986997435983f3d827df933638f1ed23d7,0x8a7e50ede42180c62b583b3b287d2f433d6c604d,0x8a7e50ede42180c62b583b3b287d2f433d6c604d,0x9429d2dc3dbc0ca016a6dd3bcf791e19e2ab66ab,3
6379,1654527273,1627198768,,1627198768,140.0,9.0,,9.0,0xf598943b991ad04b41f07ae88bcdff42cfb8c487,0x4891a5af17f4ab76ea1500cbb3422a1ea5eb292b,0x3ecd8f1e39f6d1656de6f3d73f0c2aa7e2ae324e,0xfbd1e3827d3397744da1081541e689414aa11279,2
322,1705106039,1704769451,1704654467,1621922167,21.87,24.020000000000003,25.05,0.30000000000000004,0x3399705493b0f3d93ebf8aa612b150f7b410b02e,0x29469395eaf6f95920e59f858042f0e28d98a20b,0x03c34f7350e2de6d543363bc70d2865969dd6a3a,0x29469395eaf6f95920e59f858042f0e28d98a20b,29
2766,1639640301,1628814961,1628629501,1623191679,55.00000000000001,14.100000000000001,13.3,2.0,0xe8f1fa38ba914a1c0fd0c3132c32420abb1dec77,0xa3ca4e6862390addffcba1433cdc62a7c6fab1fb,0x551d70c1ae6eecfac7b253a8d1c7821e123244d4,0x69f23b0fa0b95d34646fe0a67c36714fc03fcb33,7
3666,1646711330,1643481895,1624144807,1619963585,250.00000000000003,240.00000000000003,11.99,6.66,0x7eb413211a9de1cd2fe8b8bb6055636c43f7d206,0x2ba56a2415dedaaef2a54a1a6cc90d4555e0000d,0x2ba56a2415dedaaef2a54a1a6cc90d4555e0000d,0xed47015bb8080b9399f9d0ddfc427b9cee2caab1,4
530,1622229828,1619875388,,1619875388,0.5,0.19,,0.19,0x9b0c96442b3ec7c2964f96e9a6fd2385f5d2d6fc,0x28956714f4e111d7aee9eed8dc151847adceccaa,0x28956714f4e111d7aee9eed8dc151847adceccaa,0x33569c101562e1faf5b24581057e5cee4c8288d7,2
7909,1624183227,,,1624183227,4.2069,,,4.2069,0x9795a9baac2f17e7c7f11686bc6bc2afc3d84612,0x8ad272ac86c6c88683d9a60eb8ed57e6c304bb0c,,,1
9735,1705775207,1705047935,1677282875,1620011092,24.610000000000003,22.3,66.0,0.48000000000000004,0x95ff3f04eccfa15a2bd12d6daf3ccfc5ad354510,0x29469395eaf6f95920e59f858042f0e28d98a20b,0x7f79c84a51da7b07450b9184c904901613d262ab,0x34b3f3b0dc3f288a4516e6c34f3e94a59ee98bae,12
2249,1648588438,1647146103,1622411995,1620071051,115.00000000000001,98.75,1.4900000000000002,0.6000000000000001,0x7811c6a535ddff8f86bfdeade882e744bc9fe380,0xd92463ad7b1010873e61f1de656ecd761b033f80,0xd92463ad7b1010873e61f1de656ecd761b033f80,0x50d329ca4be534a850c784b9ceee2ba4f32f3d38,4
1478,1652475005,1651695431,1623108367,1623108367,107.4321,116.00000000000001,1.84,1.84,0xb97fccdc408ef667569dcdf059a43ef861ed0e99,0xaa56c439caa489ed38e549a5a5b24b71c51c9344,0xaa56c439caa489ed38e549a5a5b24b71c51c9344,0x54bae794b6dda32a5379f091afdf5bab0e37b664,3
6201,1627243010,1619875575,,1619875575,21.0,0.7000000000000001,,0.7000000000000001,0x7a76fcc57262b28d2a86fa4e5c9cb7ce8d386b3a,0x3734c5ff3db6378fd4fed019ec6ff347350a17c3,0x3734c5ff3db6378fd4fed019ec6ff347350a17c3,0x2e73766478551164b31d48e47f0cd2e0a7e39cd5,2
4780,1704983663,1704734987,1704514151,1643491258,22.220000000000002,24.720000000000002,26.060000000000002,105.00000000000001,0x31d5248020ff8e35f5cce912e3d8ec446db51b5c,0x29469395eaf6f95920e59f858042f0e28d98a20b,0x3399705493b0f3d93ebf8aa612b150f7b410b02e,0x29469395eaf6f95920e59f858042f0e28d98a20b,7
8893,1662949455,1629724918,1628623985,1619914359,101.00000000000001,40.0,25.000000000000004,0.6000000000000001,0xc76f66368af0ea7f609b851ae01f8ca022bcae2a,0xa7dd0f5db0c5d1ff7dec4f2ef74d62ff9a73a367,0x7148bb54f411507c8ef7cde4c8cffda1615b23fe,0x54b174179ae825ed630da40b625bb3c883cd40ae,5
9028,1619917505,1619910565,,1619910565,1.9999000000000002,0.6000000000000001,,0.6000000000000001,0xcfcb181b5cb759160a532964a2f2c3390c6f4221,0x33d27f0bb797de3d20e519f4a192b7570c56681b,0x33d27f0bb797de3d20e519f4a192b7570c56681b,0x6d938cbe86b4763691f702577d4046f656acb3c8,2
5091,1623163410,1622073201,1620177470,1620177470,4.0404,1.5,1.5,1.5,0x7d935fb77f7f1ae608f5ef535a347e8b9965bc99,0xc948cbd14b2afd3ec30b25ab0debfe6cca5737c5,0xc948cbd14b2afd3ec30b25ab0debfe6cca5737c5,0x402e183628df0d1a7db90034d1f42b95b811a802,3
9065,1631828475,,,1631828475,43.34,,,43.34,0xa242ca5d7adafc84db05b4944057f0e83ba9ca2e,0x35f0686c63f50707ea3b5bace186938e4e19f03a,,,1
4898,1697426483,1697212715,,1697212715,28.950000000000003,32.0,,32.0,0x020ca66c30bec2c4fe3861a94e4db4a498a35872,0x0232d1083e970f0c78f56202b9a666b526fa379f,0x1919db36ca2fa2e15f9000fd9cdc2edcf863e685,0x74619cfc7ec552e5051c181f49428ccd154256f7,2
199,1739654075,1739653991,1737416807,1655710712,13.420000000000002,13.430000000000001,13.500000000000002,92.69000000000001,0x868840af9a88c0c02e3b4271dfbb4ec7493632a0,0xcb3d5e7eeb51962ad619b2b32a46b4c0b05a2bf2,0xcb3d5e7eeb51962ad619b2b32a46b4c0b05a2bf2,0x035edbc119a7b372c4da67b557b2fe9a6f654526,5
1301,1672020575,1622928641,,1622928641,109.69000000000001,3.0,,3.0,0xb7c933cbdacb223a62d1b4e904462bc597e04f83,0x991091d5596484f3153ac8707c76ec79f6d353ed,0x7d515af23f9725e9126ff86533c0bc3749cd8efc,0xe0da8ed5b7b775b5fdf285131646fe2f54ef0005,2
3924,1620079255,1619971744,,1619971744,1.5,0.4,,0.4,0x1b523dc90a79cf5ee5d095825e586e33780f7188,0x33d27f0bb797de3d20e519f4a192b7570c56681b,0x33d27f0bb797de3d20e519f4a192b7570c56681b,0x29b1b2d083456fd07b19649f8b85f9927a29b1ab,2
5554,1705680791,1643065818,1630534531,1619857854,23.6593,98.0,44.0,0.1,0xf15c93562bc3944a68e938ef75d2a3360d98ca57,0x539c82d5cb886c94dd3e2d76dd5c73936c1cf391,0x539c82d5cb886c94dd3e2d76dd5c73936c1cf391,0x9d9869566ed468aa73627ebe3bfb02a84e9e5e76,4
543,1655639212,1655639212,1620241306,1620190646,90.0,90.0,0.379,0.31,0x60f4c09f1d3c06190d4d610e752f83dc8ac95ff7,0xc2079e5b077eae969dbeca3747bb855ae9df8f3f,0x60f4c09f1d3c06190d4d610e752f83dc8ac95ff7,0xc2079e5b077eae969dbeca3747bb855ae9df8f3f,4
4218,1708922459,1652257327,1652257251,1623986754,39.690000000000005,147.0,39000.00000000001,7.000000000000001,0xca1257ade6f4fa6c6834fdc42e030be6c0f5a813,0x7c1958ba95ab3170f6069dadf4de304b0c00000c,0x71fa8e99e74440d8fabd6818eb2e76250786ce81,0x138b9057d61e893b72b33ab2d17f24ac87bd33cb,4
8116,1628105524,1628068769,1627094153,1619988807,25.000000000000004,15.000000000000002,0.0,0.66,0x0fbf0be174da2a813c1538dfd6ee3c01f6eddfd2,0x9c8fe6c7feb6d4871cb745f38386a33563e7c4f3,0x9c8fe6c7feb6d4871cb745f38386a33563e7c4f3,0x95ca08e6ce24fc70c9d0737d4c6499ca67a3f995,7
7426,1692585311,1672122107,1655794926,1619955052,24.666,75.0,100.00000000000001,0.27,0xfc8443a55a9c1aad6467a4ea475f7f55de986833,0x78367007b9d54e0d4d5d8554865e96c8b579fdcb,0xacdaeeb57ff6886fc8e203b9dd4c2b241df89b7a,0x51d013b31d541da592ba6f536ac8986d141008ca,10
3566,1647593563,1625524264,1625508294,1619909848,140.0,3.0300000000000002,2.6700000000000004,0.225,0x123432244443b54409430979df8333f9308a6040,0xfe8d12bb904e686843e02f7ebc969651a80accde,0x864a38ec91c632b1b2bb19b81c24060c1504f131,0x2e992e3941f67dc416de6275f496ceb2c0025da2,4
5629,1620254984,,,1620254984,0.4,,,0.4,0x4d4da657fda69460f8083120089ae066f3655108,0xd387a6e4e84a6c86bd90c158c6028a58cc8ac459,,,1
9561,1642525705,1624988926,1624374240,1624374240,97.0,3.99,4.0,4.0,0x4649ce7677826620fcaf49956908a3aa7c8bbd8c,0x446a6560f8073919d8402c98db55db342a20300b,0x446a6560f8073919d8402c98db55db342a20300b,0x4d29fc6fceba665aa51a399a54d89d40fc30b71f,3
3418,1624316271,1624053718,,1624053718,4.49,4.0,,4.0,0x2404d6857d7e90c3ed9e74e0d372a4d6d7399504,0x729dcbdfebcc0741b845256e764ece7f4db55ccc,0x729dcbdfebcc0741b845256e764ece7f4db55ccc,0x721931508df2764fd4f70c53da646cb8aed16ace,2
6306,1663877111,1624124126,,1624124126,95.0,4.2,,4.2,0x9355e3fa0d4b14a14ca160497e20438249b7c360,0x0c3bb25e48f9cc73017f50c4e341b017528e7d27,0x72809c6bfa9cd0e5710aad436185fd7a04b70fb3,0x721931508df2764fd4f70c53da646cb8aed16ace,2
428,1718392463,1698258131,1698219671,1622569683,10.625,26.399,26.398000000000003,0.9157073170731709,0x730f993ccf1b944a04580d4a76578c89e0de53a4,0xcc1cb0fa339eb32e436dce1ba752bda72fc6edfe,0xe340d240274373e991bfbc8a5b40e57a9bcb23f5,0x441c5d77fb66c185235844a1036e02b8c425d7e3,15
5844,1670653547,1647680514,1646089229,1619869351,79.69000000000001,116.00000000000001,98.0,0.25,0x438bbff80252c9c959797d0180a5c868e1a86c91,0x5fc2ac23d28c94d570cfb00813d2ab8882b4fb54,0x5fc2ac23d28c94d570cfb00813d2ab8882b4fb54,0x0950541696888bcfac9af6a5c479871d3e583cac,5
8373,1660372497,1660372497,1622441175,1622441175,78.0,78.0,1.5,1.5,0xb4011753221e622583f04ed759c55a6fd9e41c47,0x2be1183806bbbd6d3797640478701b44a6adebd9,0xb4011753221e622583f04ed759c55a6fd9e41c47,0x2be1183806bbbd6d3797640478701b44a6adebd9,3
9621,1622909798,,,1622909798,2.0,,,2.0,0xf8c1794c253b69db05358138834bfac798b2d8bc,0xd387a6e4e84a6c86bd90c158c6028a58cc8ac459,,,1
8779,1619966918,,,1619966918,0.49900000000000005,,,0.49900000000000005,0x28f8ca3b0eddd849c93986df0fd194252c4e4b03,0x83322c617057b0bc8fbb44c731f93ee58559d696,,,1
6822,1620521963,1619991550,,1619991550,0.75,0.4,,0.4,0x203bc267a4657ae5ee774eb35cec32faa2c0bc1f,0xe9c2d3bf3a898f700cade5f5f4a89a5e5756f4e4,0xe9c2d3bf3a898f700cade5f5f4a89a5e5756f4e4,0x86f241af18cf7d2f589b43655a7d05c411dd857c,2
8775,1662923840,1619918014,,1619918014,130.0,0.49900000000000005,,0.49900000000000005,0x66b4e6eab4560ce036fdde5b26c07245a6b5a7f5,0xe13d49d5fe282db996b9842413676e780b13275e,0xe13d49d5fe282db996b9842413676e780b13275e,0x83322c617057b0bc8fbb44c731f93ee58559d696,2
1441,1649381057,,,1649381057,124.00000000000001,,,124.00000000000001,0x630a2bde1377ceb1fab1beda03a1c5f7ede9999c,0x792723f8ebbcc32be378faeae7c9146f0f186013,,,1
9716,1651580418,1624294279,,1624294279,113.00000000000001,4.0,,4.0,0x83c8f28c26bf6aaca652df1dbbe0e1b56f8baba2,0x4b3d9be059c10c653ec1fc252d8f9f844267b83f,0xa30eb1520cfa84f31f2021621d5ae27857d5bbf6,0x6bf97f2534be2242ddb3a29bfb24d498212dcded,2
3042,1728832283,1725266891,1724931155,1651763220,11.98,12.08,13.15,113.80000000000001,0x8f3a824b368d2d347093bde65ce8594eaec4731e,0xce841f783dc6d9df256af36b1cf6b3a52aa57cdc,0xff53e1da7b67ae676d7742f858aab5bd4bc937f6,0x29469395eaf6f95920e59f858042f0e28d98a20b,12
7056,1734695339,1734290603,1734052019,1624009058,16.53,19.490000000000002,18.12,1.9000000000000001,0x133d79e76897befbc36a60eeec22b55ca1c141d4,0x29469395eaf6f95920e59f858042f0e28d98a20b,0x29469395eaf6f95920e59f858042f0e28d98a20b,0x1680434891af19096b4ca104c66864b8438d110b,15
5155,1670977847,1670866307,1669652615,1647518380,67.5,66.2,68.0,108.00000000000001,0x703feab1564717a1dd14668e9c5fb09c4e84dc6e,0xd867242ec03eeb70276025353ebad5dad7edb89f,0xd867242ec03eeb70276025353ebad5dad7edb89f,0x6d0267156f1c6ce44caa4bf129b76009d3d41830,7
8706,1619998744,,,1619998744,0.5,,,0.5,0x8665e6a5c02ff4fcbe83d998982e4c08791b54e5,0xd387a6e4e84a6c86bd90c158c6028a58cc8ac459,,,1
1512,1694633087,1694631203,1694618087,1623018127,23.71,23.89,24.75,1.4200000000000002,0x96be3d4b507b11831bb5d3b8ad5e612262accab6,0x29469395eaf6f95920e59f858042f0e28d98a20b,0x77e3e957082ca648c1c5b0f3e6aec00ab1245186,0x020ca66c30bec2c4fe3861a94e4db4a498a35872,9
5517,1622208877,1621062591,,1621062591,0.55,0.30000000000000004,,0.30000000000000004,0x2a5ad14250f9eeb2cd6598c59e2786f70c171b65,0xddcb8c0913745aea91bef234c0dd96bdc1127a80,0xddcb8c0913745aea91bef234c0dd96bdc1127a80,0x19b38c2d21ec9675539445fe8d6e659cc4d244ae,2
9115,1622429641,1622237768,1619860100,1619860100,1.25,1.189,0.49000000000000005,0.49000000000000005,0x0c89176c253a78ccec62ad8d0a037b9448fba8c5,0x519e19eac9ead404343c68224dd2a22c5c25f992,0x1b826e30b83a5066474c7e3ca8d9b3880ba97f09,0x357931791284f40765b462aa7ad217ebf82920cb,3
7042,1707665399,1707661139,1707528767,1619986670,22.6,23.0,23.040000000000003,0.47000000000000003,0x5d5335e6bea4b12dcb942cec1da951ae63f2ae64,0x29469395eaf6f95920e59f858042f0e28d98a20b,0xa69833b9fda816f1bfc79517e7932e64708df0dd,0x29469395eaf6f95920e59f858042f0e28d98a20b,12
5184,1622464220,,,1622464220,0.7250000000000001,,,0.7250000000000001,0x1010595f96ab62b31bfeac411ec5f8f60db5dc23,0xd387a6e4e84a6c86bd90c158c6028a58cc8ac459,,,1
9712,1721917415,1698881567,1698854195,1626184158,9.15,30.400000000000002,30.580000000000002,4.0,0x1ea27bce786a81022dfc156059771e8d3279a9a6,0xe0b6e70261db8ef63df421662dbba26ae8470a5d,0xc7da868e2d07f601908f74f48e100d85756a352f,0x29469395eaf6f95920e59f858042f0e28d98a20b,58
8467,1709803739,1622893705,1622402907,1620026630,21.0,2.986,1.0,0.8800000000000001,0x3820c123ca814d9e05c46f30e3b7bb3bab905af5,0x34805e6a3796fb04e82183667a78c2f7bff29170,0x34805e6a3796fb04e82183667a78c2f7bff29170,0xed2572b5ee0e73619f2632e7ac95cd3606b2fcfc,5
2084,1705775255,1705066943,1705055207,1622919078,24.6,22.41,22.3,1.1,0x48c1d08d75e43eaab8597a52c2befd280c1c11d3,0x29469395eaf6f95920e59f858042f0e28d98a20b,0x31d5248020ff8e35f5cce912e3d8ec446db51b5c,0x29469395eaf6f95920e59f858042f0e28d98a20b,9
2097,1627703080,1623099438,,1623099438,6.65,1.8800000000000001,,1.8800000000000001,0xb504b80cc4c940988542a212a85928432efb8760,0xfd5a25ef7396384c2d43645f32609bc869c36208,0x836ef81a58e5565b8d1d555ec8e9a5c2792511c6,0x8ad272ac86c6c88683d9a60eb8ed57e6c304bb0c,2
751,1640296831,1627498577,1625457365,1620070607,61.99,6.300000000000001,3.5000000000000004,0.6900000000000001,0x6c1b658362e0c3b3a55d3221d8919196fb10797d,0x56e1e208fac771d39486aca9146b2c71c30751c5,0x56e1e208fac771d39486aca9146b2c71c30751c5,0xe68ac60d884e6b50ac3d242490595d60886c3f2d,6
9659,1740937487,1732150535,1724842367,1621707583,13.690000000000001,13.770000000000001,12.610000000000001,0.6000000000000001,0xdccc435333cbaa10131c6eb1a27395ccf4e67c92,0x7753be123a0ec02d0c032337fb6ec2f7303fe5cb,0x7753be123a0ec02d0c032337fb6ec2f7303fe5cb,0x1d6222da3b56021dec7c6a0d0760b9fb60e492dd,16
6240,1620087911,,,1620087911,0.6000000000000001,,,0.6000000000000001,0x594de6d010a7205c0ba3ba01d330a4271c9ba6f3,0x5a418d8bc0c074a4a8fa88d1322dc51cc1cb9d29,,,1
2172,1619852680,,,1619852680,0.07,,,0.07,0x9a592ce6dae5759d0e730069829e965bdfe04196,0xfe5573c66273313034f7ff6050c54b5402553716,,,1
3295,1704951011,1704723239,1704584603,1621899717,22.26,25.01,26.1,0.395,0x7f79c84a51da7b07450b9184c904901613d262ab,0xb3b0c247e52ff3f6285a234459cb0bf846b3135a,0xc502c07f7f537f47470071fd59cd8287238761aa,0x29469395eaf6f95920e59f858042f0e28d98a20b,8
2499,1624801116,1623768071,,1623768071,6.6969,3.0,,3.0,0x6ffd0617df7135a68e6c48acc4f0532c5c488d36,0x8ab83d869f2bc250b781d26f6584fd5c562fdd9d,0x8ab83d869f2bc250b781d26f6584fd5c562fdd9d,0xd387a6e4e84a6c86bd90c158c6028a58cc8ac459,2
996,1622416163,1621458201,,1621458201,0.7000000000000001,0.34,,0.34,0xce17cb79ed3f9412440e0edc9f16fdb2ed98335f,0xd23b06012790e2d8e01a7607127588b609c27f0c,0xd23b06012790e2d8e01a7607127588b609c27f0c,0x5bfdf0cfc4ade055f4aa63c31d3b2558e3a5fd80,2
3803,1630178333,1621904561,1619907680,1619907680,65.0,0.43000000000000005,0.27,0.27,0xda44e1c6addf1d218cf9633f6e1edffe11e41ea6,0x291121da7faeedd25cefc0e289b359de52b8050c,0x291121da7faeedd25cefc0e289b359de52b8050c,0x1a1f01f50e00cb2305395ee73141b70fa5b2f4d5,3
5955,1710344927,1710262667,1709733323,1626065600,14.31,12.190000000000001,17.900000000000002,4.0,0xaf184b4cbc73a9ca2f51c4a4d80ed67a2578e9f4,0x29469395eaf6f95920e59f858042f0e28d98a20b,0x1919db36ca2fa2e15f9000fd9cdc2edcf863e685,0x29469395eaf6f95920e59f858042f0e28d98a20b,15
3976,1654997698,1626138102,1619923507,1619923507,105.00000000000001,6.500000000000001,0.25,0.25,0x29f0989a5c2a3a67b8e7bdf7958b92eefafb2b7f,0xc3b5533cfed62c10e8fc04aecbd4bd09312841d0,0x33569c101562e1faf5b24581057e5cee4c8288d7,0x9795a9baac2f17e7c7f11686bc6bc2afc3d84612,3
9821,1716396251,1716391943,1651364587,1619889399,13.21,12.5426,175.0,0.2,0x5b468edb7688e9ae6c1fa5a6d2debbef06e92907,0x11527f53ec4fbd150367bfcac92326ef61538612,0x11527f53ec4fbd150367bfcac92326ef61538612,0x4757d97449aca795510b9f3152c6a9019a3545c3,8
881,1713174011,1713170063,1713161039,1698921707,10.110000000000001,10.08,10.24,30.21,0x95ff3f04eccfa15a2bd12d6daf3ccfc5ad354510,0x29469395eaf6f95920e59f858042f0e28d98a20b,0xfa0e027fcb7ce300879f3729432cd505826eaabc,0x29469395eaf6f95920e59f858042f0e28d98a20b,42
703,1643616217,,,1643616217,180.0,,,180.0,0x020ca66c30bec2c4fe3861a94e4db4a498a35872,0x7ddba01cb6d0efb9183a2a95728c4573bb5ee196,,,1
4847,1705775243,1705446527,1705311275,1619954192,24.6,24.69,23.92,0.2999,0xa69833b9fda816f1bfc79517e7932e64708df0dd,0x29469395eaf6f95920e59f858042f0e28d98a20b,0x3399705493b0f3d93ebf8aa612b150f7b410b02e,0x29469395eaf6f95920e59f858042f0e28d98a20b,24
9539,1642042659,1628348697,1626365774,1619983164,135.0,24.5,9.88,0.8800000000000001,0xd9c4575f40acb46668bb1cef728319cc656e712c,0x546352ae1d5bacde3fdfa15bddebc8974b86af0f,0x37c8b931c1177c906abfbe9a969b262a032e5168,0xd1e8824271b5700026889b4abaa7901c65f686ab,4
1837,1645758252,1641688292,1636709554,1622505228,569.0,420.69000000000005,333.0,11.49,0xd75233704795206de38cc58b77a1f660b5c60896,0x69c488bcda156379b6661f08a35db627e5d467dd,0x69c488bcda156379b6661f08a35db627e5d467dd,0xd387a6e4e84a6c86bd90c158c6028a58cc8ac459,6
1646,1737595991,1713588875,1713454283,1623784294,14.200000000000001,13.55,12.0,1.8900000000000001,0x72795f977a732047635282191fb704fa21968abf,0xc8adc7303c996cc0feb0cfc2f59e1db04eb1ff78,0xc8adc7303c996cc0feb0cfc2f59e1db04eb1ff78,0x3c8a29342d58a27ab0d913f808aed1578f59433a,7
3690,1731951683,1725039191,1675942607,1622618859,15.990000000000002,13.648845710000002,82.0,1.25,0x29469395eaf6f95920e59f858042f0e28d98a20b,0xc4d469c1419bd07d7223ab4ecedbfa639bb87233,0xc4d469c1419bd07d7223ab4ecedbfa639bb87233,0xe1cd4806b1af0f200bb76ada389d7789be456990,6
3188,1620412490,,,1620412490,0.42000000000000004,,,0.42000000000000004,0xc044b2c3d80e91caead4d6fad2c2f5af38e5eb49,0xad8c7a19bc29ba104cedab894c01d1722ce185e8,,,1
2756,1630217321,1627751037,1622067341,1621921956,44.900000000000006,7.3737,0.55,0.47000000000000003,0xbed872177df6a565b7190873f9540d8ca224f607,0x4b4df3b4c0a893c7beefe72e1b8dae7654ae6f47,0x4b4df3b4c0a893c7beefe72e1b8dae7654ae6f47,0x7d935fb77f7f1ae608f5ef535a347e8b9965bc99,4
7765,1713141671,1647467958,1641515278,1622998891,13.500000000000002,99.123,77.77000000000001,1.1300000000000001,0xe9f98f38f8e0f8735aab5f2b363163f812e76db9,0x9451f0ef7a6bbbb6466b69ca19b7944d7bb836fd,0x9451f0ef7a6bbbb6466b69ca19b7944d7bb836fd,0x2e0fd2ddda2d582af5285c60be36047a7586bc69,6
5207,1619965262,,,1619965262,2.5,,,2.5,0xc8f8e2f59dd95ff67c3d39109eca2e2a017d4c8a,0x7405fe24003a50e4f4117d35e9b5a9f5e512fede,,,1
8447,1629750185,,,1629750185,29.000000000000004,,,29.000000000000004,0x5ddc40fe51ea7235cdb54b628b5000cbdb6eca1b,0x8c263cf199881bb0cc9b66b50dd7d96212a26c1a,,,1
7347,1733974295,1733123339,1729416983,1630166691,19.1,23.28,13.000000000000002,57.777,0x29469395eaf6f95920e59f858042f0e28d98a20b,0xa317566d1eb36cee30cb923f7575bfb7c168032e,0x29469395eaf6f95920e59f858042f0e28d98a20b,0xd8d741dc89c1de3b2f314693752892255105c8aa,14
1113,1681409783,1668099851,1652065932,1622471143,54.67,58.00000000000001,99.50000000000001,0.777,0x0a779a6404b414128566dabc396265c29aac4bce,0xaa9815d41af69f1c06c243bd18c838d9beba6216,0x79bc173933cd8bdc6399e8f692f75f56490a18c1,0x969d3ecbe27b7739644d07522d49af213ed9511b,10
7813,1682142299,1625038769,1622914722,1621016641,52.95,3.5000000000000004,1.5,0.25,0x0ef4e16f5f098bab48f45efb8b3f2ae833cc9d4b,0x82980c4e84da5656bb58b5a04aee4db6af123326,0xd9dd3bcf5bfcdeffc2909a2febeb1a233a059776,0x11ae60b9f14c516b9c1a7250c79397e29d09ec57,5
474,1629549072,1626407053,1624070149,1624070149,25.000000000000004,6.750000000000001,3.5000000000000004,3.5000000000000004,0x60cd04af655806bcde85964a78543def2d40aaaf,0xe10f51d037227724d4a1cae77a1a62d2c5e5f2f9,0xe10f51d037227724d4a1cae77a1a62d2c5e5f2f9,0xd5fe8df39fdbdbdb55fba0e2078306656ad706cb,3
7031,1719007343,1684693631,1683814895,1622227258,8.700000000000001,48.35,44.5,0.4,0x95ff3f04eccfa15a2bd12d6daf3ccfc5ad354510,0x9f08b507410725ab74ed3d61ed471235f1ee7d16,0x9f08b507410725ab74ed3d61ed471235f1ee7d16,0x4268be2886a1c9a4aaac101a95a6cdb86f48463d,6
942,1621456657,1621148447,1619904343,1619904343,0.36900000000000005,0.30000000000000004,0.24000000000000002,0.24000000000000002,0x9f1597681cc4c4dfd91ce5fe9033aa39e7d7ad3e,0xd23b06012790e2d8e01a7607127588b609c27f0c,0xd23b06012790e2d8e01a7607127588b609c27f0c,0xc8f8e2f59dd95ff67c3d39109eca2e2a017d4c8a,3
6562,1622664365,1622561064,,1622561064,1.29,0.8400000000000001,,0.8400000000000001,0x6403cd4d482dfff4f5069433a87b6bd930d78ea1,0xa1bdea71b1e391b6742cfb1df63e9f41a4759197,0xa1bdea71b1e391b6742cfb1df63e9f41a4759197,0x7963fbd04523ed0d995bbbb3132aed448fc22869,2
6872,1688360663,1626401253,1621653163,1621653163,31.000000000000004,8.08,0.666,0.666,0x0353da8b9b67cfa5b41dd29e6da4fa171da02a99,0xeb0d802614f87260ff5bad237b833b0e67d4058f,0x047d70f5cfb2572557433e82a6f3762eff2f878f,0x32ccaf20c89e76cb3f0e35276532fc4e9976fd10,3
18,1624692856,1620065346,1619999869,1619999869,18.0,4.99,1.0,1.0,0xf278b687d9d41debdd34b4d4b3eebfd8bc198df3,0x3d6a89c8751a45dd577a4c1f3b34e71c58236193,0x3d6a89c8751a45dd577a4c1f3b34e71c58236193,0xa6f4fa9840aa6825446c820af6d5eccf9f78ba05,3
2165,1622599193,,,1622599193,1.9000000000000001,,,1.9000000000000001,0x03f63b96240c4a0a3e197329787adf0fa42806df,0xbc2b15e5e105ecb3f2398e541607ab85530274c3,,,1
2715,1652285371,1634778744,1622595103,1622582991,104.99000000000001,35.0,1.3230000000000002,0.9,0x42b286b748773cdbd59c1005584a31b56a06be6a,0xdfe9def041c0a05d3de86d24adaa8f9a31cd0118,0x67ef857ec46f4995d6b3151c7ec61879646cfd64,0x66af4d4f0a18e95a804cfc3852ff6f54d8bf2867,4
554,1712519339,1712494631,1712459435,1619830209,11.850000000000001,11.840000000000002,11.850000000000001,0.08,0xa69833b9fda816f1bfc79517e7932e64708df0dd,0x29469395eaf6f95920e59f858042f0e28d98a20b,0x95ff3f04eccfa15a2bd12d6daf3ccfc5ad354510,0x29469395eaf6f95920e59f858042f0e28d98a20b,35
3074,1635385154,1628043139,1620159072,1620049586,1.3,10.4,0.2999,0.52,0x50509f77a8d924006101506f3b60ef3ed17605a1,0x2bcba14f244928b2f9d78a5727dcc109b541e39f,0x2bcba14f244928b2f9d78a5727dcc109b541e39f,0x8a4ac0cd96828466e10ffe0c4839ee2a7a2fe76f,4
8211,1626393299,,,1626393299,12.110000000000001,,,12.110000000000001,0x0fdef4117fdd46fb741eeb408a08110e60718ad5,0xcc47fcbfdd6e558fb39cf5ef4d92e59890476b86,,,1
9651,1731359639,1731335027,1730654471,1623348647,10.949999,10.610000000000001,10.17,1.4000000000000001,0x29469395eaf6f95920e59f858042f0e28d98a20b,0x16f41a775a4ffc5da7b465597abfcb8ec0469d28,0x16f41a775a4ffc5da7b465597abfcb8ec0469d28,0x29469395eaf6f95920e59f858042f0e28d98a20b,11
2617,1621549358,,,1621549358,1.5,,,1.5,0x8020c5494a9e13ca5e524711c71677a2f3049df7,0xd387a6e4e84a6c86bd90c158c6028a58cc8ac459,,,1
2899,1649406599,1628525569,1627855296,1622252495,110.00000000000001,14.660000000000002,8.200000000000001,0.43500000000000005,0x769c27df8cd0068980e889243bfcec0cf49c8a67,0x5babf4e081cdc5170283f9790c78424f5bd75f1e,0x5babf4e081cdc5170283f9790c78424f5bd75f1e,0xd7b79321a7ac74f99d02cfa1491eb431b16418bd,7
5351,1678335107,1678331387,1678293023,1619900630,68.9,69.05000000000001,69.56,0.2,0x6c8ee01f1f8b62e987b3d18f6f28b22a0ada755f,0xed2ab4948ba6a909a7751dec4f34f303eb8c7236,0xed2ab4948ba6a909a7751dec4f34f303eb8c7236,0x515a6c0e816f1096a5eaaf2b0516b9738c137c8c,18
7155,1741163207,1630320929,1630232990,1630232990,13.24,49.99,8.199900000000001,8.199900000000001,0xe47516f3cffa0be6ea5466e844b8dbd17d33f745,0xf0faf6ceb7ffa1101284d0fc471e77668a22d98d,0x1db2ebea736f8653e6b8d927801f7ed3eb8bf47c,0x26e03e7fd1aee04e2630c64869efbd332e52a145,3
216,1650665118,1647677791,1646692270,1624437774,129.999,103.00000000000001,70.0,2.8049999999999997,0xd75233704795206de38cc58b77a1f660b5c60896,0xe92ff0f4daf94a110cbd36c98a8e50662d8779e8,0xe92ff0f4daf94a110cbd36c98a8e50662d8779e8,0xdfb75261bec65e5c159fd50629e86c03cfd02262,10
3664,1688051819,1628030956,1622509009,1622479373,39.99,13.000000000000002,1.9500000000000002,1.1,0xe92f4f0b731763281cb6fcb672a6b6ed98812e09,0x5faecf0e47dfb68f482ea340588ec972a8637d6d,0x2df7f8dc479caa0beb8e1a4725d80acd4e1b86f7,0x24f712251b2dc907d4a3672c6fa5d992e5c1bd23,4
6739,1732694663,1730595971,,1730595971,16.0,14.000000000000002,,14.000000000000002,0x54f4a1a17e077aa6f3c6651e47925fb52bbfd888,0x69b37bb2b6508ad35d112c8dd0b8d4bea6a45fac,0x69b37bb2b6508ad35d112c8dd0b8d4bea6a45fac,0x2a138e24cf857f189826600463c05d0cac5aeede,2
2312,1626508109,1622081412,,1622081412,12.500000000000002,0.8500000000000001,,0.8500000000000001,0xa1bf766e566c06214fb47b9c904abe30241dd169,0xc0df18d3c0dff4580a96c1a2f046c9dcca7aa704,0x0c6295b8b5e9dad2d3ba15ef4cd4c47a4c0ae2fa,0xd387a6e4e84a6c86bd90c158c6028a58cc8ac459,2
5075,1659755222,1659755222,1659314032,1629739536,88.9,88.9,81.0,30.000000000000004,0xeb8a171db1a54553abcbb78f956a0a100ce34c3f,0x611c67ec71202613da55d00ddc04ccdb02060fcc,0xeb8a171db1a54553abcbb78f956a0a100ce34c3f,0x611c67ec71202613da55d00ddc04ccdb02060fcc,13
6583,1645670711,1645055156,1645055156,1645055156,120.00000000000001,121.00000000000001,121.00000000000001,121.00000000000001,0x25de83caa6a2c4a07f7b4718faf5aa06d880c0cf,0xe1aeacb5f91a2938ac9474fd880ec1542047b333,0xe1aeacb5f91a2938ac9474fd880ec1542047b333,0xb53349160e38739b37e4bbfcf950ed26e26fcb41,3
9015,1622316684,,,1622316684,1.25,,,1.25,0x6403cd4d482dfff4f5069433a87b6bd930d78ea1,0x8302a33ac9b12c05e7d41d92ad06993b36260685,,,1
9903,1638818634,1623048200,1622896554,1619871010,54.900000000000006,1.85,1.4000000000000001,0.38,0xf4290794ebfa92e602493d361616393238fa7ca1,0x29ae36c7a0e1757f1abbd407eff223d2a5ca526b,0x1b16fa5d05f1e29a4ab8af4942c377937f022a51,0xa94959d82c3215fcee6bf8f47ebea6ee6c22d641,7
3858,1629812841,1623403824,1623074246,1623074246,37.5,1.7500000000000002,1.7000000000000002,1.7000000000000002,0xbf3f8279fb1e9718963b8657e7012da42dda6a7e,0x668e961736454a2444adb485340cb7f0844ddd3d,0x668e961736454a2444adb485340cb7f0844ddd3d,0x1e0869938bec687c44dccabb2852a0eab9936fbf,3
3081,1628053250,1620010937,,1620010937,11.9999,0.5900000000000001,,0.5900000000000001,0x3433faf996a75d642a1e8dc82b8d70381e252881,0x8c6439fc4b3b0265d52d3b05620bf3e00726ed99,0x8c6439fc4b3b0265d52d3b05620bf3e00726ed99,0x442dccee68425828c106a3662014b4f131e3bd9b,2
8239,1668522227,1648519997,1641264737,1623042196,54.99,93.91000000000003,93.0,3.4000000000000004,0x517d822d3e0e8267e6daeea3651f0921b2eadf2c,0x1e79ecb9e2e2e1882d4f4d4651f07d386062440b,0x7ef11d9a5ccc407466d382fbb2ddb28d23254345,0x3bcf29061c89195419e4038bf4080ac6f24f4c3e,4
9169,1705487051,1704685727,1702730939,1620627266,23.700000000000003,24.8,26.71,0.25,0x440bcc7a1cf465eafabae301d1d7739cbfe09dda,0x29469395eaf6f95920e59f858042f0e28d98a20b,0x9afef7dac35f070dc3976f0597b8c872f6b19d1d,0x29469395eaf6f95920e59f858042f0e28d98a20b,22
2087,1632965327,1623873099,,1623873099,769.0,42.0,,42.0,0x79782b0ae9b71cff36bb32b4ef0935fd3c190350,0x020ca66c30bec2c4fe3861a94e4db4a498a35872,0x020ca66c30bec2c4fe3861a94e4db4a498a35872,0x8ad272ac86c6c88683d9a60eb8ed57e6c304bb0c,2
3600,1628067090,1619981911,,1619981911,25.000000000000004,1.5,,1.5,0x9499054d02a725316d61fa896c29d58550ee4a5b,0xa9e2afb1fae545ca53c15e49f07847c23dd03e74,0xa9e2afb1fae545ca53c15e49f07847c23dd03e74,0xe72eb31b59f85b19499a0f3b3260011894fa0d65,2
3394,1640232676,1619908915,,1619908915,53.00000000000001,0.24000000000000002,,0.24000000000000002,0xe0e82310b21c06ef9c1e92489a9cb542b54ff728,0x455cd9c5a63b2ae1e1258f750715d4ac4d6f62b2,0x423886272645490b73b5c3ea4ecf2ca7050aa9fb,0x721931508df2764fd4f70c53da646cb8aed16ace,2
374,1620013095,1620010554,1620009555,1620009555,0.8500000000000001,0.66,0.46900000000000003,0.46900000000000003,0xde731672533d772c4a21bfa0353299c320151de8,0x6b32ae7f5db70749543ce0cd4932abbc501a7f6f,0x6b32ae7f5db70749543ce0cd4932abbc501a7f6f,0xe745a229b5b62cae3b525873d48b48e4e0d89f06,3
1239,1706272559,1706243495,1705742771,1619967744,25.040000000000003,25.360000000000003,24.310000000000002,0.4,0x56d57ab54afce944d917d1793983a129c11e9e6c,0x29469395eaf6f95920e59f858042f0e28d98a20b,0x31d5248020ff8e35f5cce912e3d8ec446db51b5c,0x29469395eaf6f95920e59f858042f0e28d98a20b,10
4733,1628567955,1626495610,1624779633,1619856869,25.000000000000004,8.99,5.9,0.16,0x8c2b143b0276bafd2613bb41d7058583cf6706c7,0xac0f76a8c30e23bc197d26465e7be319713c5224,0xac0f76a8c30e23bc197d26465e7be319713c5224,0x512c579153ac6fd961a7d9e7b19281b855aafbe1,5
3670,1723604879,1644700108,1641866918,1619938807,10.290000000000001,94.55000000000001,78.95,0.16600000000000004,0xf0a1ab0cb140d72d4c91bf4c8ec28ed578bab6f4,0xa63986cd94aa2df0db430e50c938e2f4795e153d,0xa63986cd94aa2df0db430e50c938e2f4795e153d,0x25f15d79487288cbcca6811b8148069ed581d992,6
4712,1632957714,1628120665,,1628120665,100.00000000000001,17.1,,17.1,0x79782b0ae9b71cff36bb32b4ef0935fd3c190350,0x5becc69e08b4f3e76bc5bebe5a9e1693fd65f1f5,0x162010df1a1def2de83312d6a096d172761d5d4c,0x9e64b47bbdb9c1f7b599f11987b84c416c0c4110,2
2444,1675927139,1675442435,1669470911,1619852624,80.0,79.5,76.5,0.07,0xbd589562c2552e18c04e018c22b339373c3e38a4,0x0232d1083e970f0c78f56202b9a666b526fa379f,0x0232d1083e970f0c78f56202b9a666b526fa379f,0x0beda5116cd204c428379b5d852dadc04f3bc384,5
3785,1637134076,1619975033,1619972297,1619972297,69.0,0.7777000000000001,0.32,0.32,0x3611373d439fb0f78e73d01de3bd15c70a658bff,0x6cd2d84298f731fa443061255a9a84a09dbca769,0x6cd2d84298f731fa443061255a9a84a09dbca769,0x6903f3a1540946c34e3a577ad6ffcbe43356dcbe,3
3989,1661461776,1661392479,1653267572,1653267572,105.00000000000001,63.50000000000001,95.0,95.0,0x355fa051172523a26548ca17b575dc758a28c53b,0x70219c18604debf89379d566a622bde2c5bc7621,0x70219c18604debf89379d566a622bde2c5bc7621,0xc997cd38e441841e084c8895b81ee12063e9bbb2,3
5322,1669466531,1626606565,1622945384,1619862812,66.0,8.290000000000001,1.29,0.13,0xe7b3d473411dd530d7889805e148b738f2236e6d,0x32a348ead7ed30d35b96b9f87320fef862033574,0x0521a00d551ea3bb1ea1c9dad6fb2ffa26d779d9,0x5506276ba91ed593b976a0505c5fa52cc9dbf100,8
8846,1631552998,1626471679,1624069744,1621855356,39.900000000000006,6.6000000000000005,3.0,0.28,0x6a143b77357e2f505921095355496452087aa8e0,0x7306c97d28d15867ee8c73ed6d26558980dbdd58,0x7306c97d28d15867ee8c73ed6d26558980dbdd58,0xb5ee179ef22964fc3283a49483f40c71231eacd6,5
2380,1712193311,1707544799,1706070803,1622867767,11.837000000000002,23.560000000000002,25.200000000000003,1.1,0xe67112647b7aea8b7490f27e1c75208868138df2,0x4c6341ba15f97ae81a68f0fc8a5cc33be05411e6,0x29469395eaf6f95920e59f858042f0e28d98a20b,0x3dac718f45dfc5b56aa67c35ef410b72d937d05c,21
301,1681239575,1681235759,1681112975,1628083412,58.13,58.150000000000006,58.800000000000004,13.690000000000001,0xd6484a997129938709fab588fd6f55b0a684ab56,0x385ce35599ae5e6f0eaf0f69841fffa9f41acdd5,0x385ce35599ae5e6f0eaf0f69841fffa9f41acdd5,0x97c7d94d01bcbc41b80ef7cc8c5bebc3d11c6a20,12
6476,1635919875,1629903183,1622521401,1622521401,32.0,36.36,0.8800000000000001,0.8800000000000001,0xc8077c19e3b4dc188ad62a67dc3aea216e8725bd,0x9619d3fa1f29c1de8fcfacedc07321637c1f0c3b,0x9619d3fa1f29c1de8fcfacedc07321637c1f0c3b,0xcf6c9980cdbbc3abdcc2ef896323fcdbb6159df1,3
6629,1683775559,1683738335,1683728027,1619995953,42.400000000000006,41.510000000000005,40.6,0.46,0x40a376e79ad4bd988967befa67a8266e33f2078a,0xa3e0c08ac55c3da4d19028876ad305119062cf71,0xa3e0c08ac55c3da4d19028876ad305119062cf71,0xe0892c709358d1becdccc4ce76a30a355c6fe79b,9
8698,1692536867,1619970893,,1619970893,27.750000000000004,0.75,,0.75,0x26b03767002ee4141fec77a0dbc6b098ec5040ed,0xc4d469c1419bd07d7223ab4ecedbfa639bb87233,0xe1c93f0eec0070761874d3976e4a968c3b2adc8b,0xd387a6e4e84a6c86bd90c158c6028a58cc8ac459,2
9212,1647617036,1644238639,1638132217,1619861263,170.0,140.0,55.00000000000001,0.16,0x4918fc71bd92f262c4d2f73804fa805de8602743,0xeb10476878ab36c53121b362b0ee62977440f742,0xeb10476878ab36c53121b362b0ee62977440f742,0x525ba4df7a01110aa73ee109911d938109537dfd,11
7524,1653733758,1650295650,1646963725,1622456312,125.00000000000001,140.0,87.69000000000001,1.87,0x65bdc4a3b128c5444ed84910bfaaadbd8d1c4e9c,0x207a3e7041f6d247ac775feaa03f0f5603508f0c,0x207a3e7041f6d247ac775feaa03f0f5603508f0c,0xbc91d03b996c10e2dadd802e7bfec889640d00c0,4
617,1651267776,1629473226,1626434011,1619952349,149.85000000000002,20.0,6.0,0.35500000000000004,0xa60f90a7e42b5e7606647fe6d755ed9f4cf64406,0x07cc65ec4de72fdf7d2b6c39fd80c4ea4706215b,0x07cc65ec4de72fdf7d2b6c39fd80c4ea4706215b,0x2bcba14f244928b2f9d78a5727dcc109b541e39f,4
1595,1642363873,1622320708,,1622320708,87.37,0.4499,,0.4499,0x69c488bcda156379b6661f08a35db627e5d467dd,0x28f8ca3b0eddd849c93986df0fd194252c4e4b03,0x28f8ca3b0eddd849c93986df0fd194252c4e4b03,0x69bab6810fa99475854bca0a3dd72ae6a0728ece,2
1713,1732007891,1731986423,1729312139,1624054230,12.950000000000001,12.8931,11.328000000000001,2.0,0x515a6c0e816f1096a5eaaf2b0516b9738c137c8c,0x29469395eaf6f95920e59f858042f0e28d98a20b,0xeb79f3b9836e14678abdb862aabfc171341b3199,0x0658e83f4d56bd1afc0a8a45f91f8940f4c454b9,6
7126,1619881788,,,1619881788,0.30000000000000004,,,0.30000000000000004,0x9127c9221b22ea3789c90383284c72dcd7d9b9fb,0xdb75d2a23fdc7772b07d98385a31a1657cc32f8c,,,1
8388,1647934660,1647798704,1638912876,1627888497,101.99000000000001,90.30699999999999,54.75000000000001,8.8,0xbda6ba3ad624582495c55451a1840e563fc16389,0xcec3105b6fe0b1a1789e49f28adf0954744208b3,0xfb97122d5096226f6c664df0cbc6c78862a978aa,0xaea82f698c387ca660986122bc8fd0c24c7bd0ec,5
1128,1710263819,1709901659,1709151119,1619977798,12.350000000000001,17.330000000000002,24.0,0.39990000000000003,0x0315840bd98a8279838a7ad799adde5dda1fceba,0x29469395eaf6f95920e59f858042f0e28d98a20b,0xa69833b9fda816f1bfc79517e7932e64708df0dd,0xb57e6d15df08082900fd92fa080f85aef01a5f46,13
2274,1652911213,1622960736,1622950622,1621299475,129.0,1.199,0.804,0.35000000000000003,0x44c983b97897246d0f0d75fd5bc65ffb62b0fce0,0xa3c5c975610149ea976e65abfffa5584cd00c177,0xa3c5c975610149ea976e65abfffa5584cd00c177,0x05d752d3751f9e6583ac3ff3ddc2ac44e9d092d8,4
2146,1709617199,1631618312,1625209435,1619901669,17.505000000000003,33.300000000000004,3.0,0.112,0x1fee3385b22d69e93209db2042be58fcac57b59b,0x6d970c5d3fb2cf589398148839b9833c06640b64,0xae39c99270a91fa2cd76f76abc176a873706062f,0xd1e2d02e6faab6527bf10692b831786e680e3b8c,6
4768,1700066111,1699512407,1695815615,1692524039,29.98,31.777,23.82,23.0,0x6f94eb63c73b835787db99b75a13dd87d2e5a55f,0xde7587c71d388fff52c0774dd8160d435efe7ad0,0x04ee22568b4abbff87a6827bc4f801b81d99146b,0xd1395ae3cad3d3a7c7ba923479f56bc2ad12e515,11
1658,1651840101,1641837271,1640245729,1637072525,112.69690000000001,79.42,51.00000000000001,50.00000000000001,0x6019adb54cd5d09d0c3c14ae3c89283a43de37a7,0xa9fe952edd2958ab7dea126c6d8b4413afd3e771,0x71b49dd7e69cd8a1e81f7a1e3012c7c12195b7f9,0x7786089b523202b02409a4763ed375e6fffce464,4
6041,1681752251,1619882668,,1619882668,56.690000000000005,0.28,,0.28,0x34b695974be06dc569188b737f723d936af0a931,0x7bc153e86a595112bb3d604b343cd62e32e72d5a,0xf56345338cb4cddaf915ebef3bfde63e70fe3053,0x7405fe24003a50e4f4117d35e9b5a9f5e512fede,2
869,1693279223,,,1693279223,40.0,,,40.0,0x1b523dc90a79cf5ee5d095825e586e33780f7188,0xba103b94077534b162664051fb32bbf8b82632de,,,1
3626,1623094189,,,1623094189,1.9900000000000002,,,1.9900000000000002,0x7f69c5b893e04111640a209dd3d292a03850a668,0x81e5cd19323ce7f6b36c9511fbc98d477a188b13,,,1
5004,1737486179,1620063713,1619992688,1619992688,13.090000000000002,0.5800000000000001,0.48000000000000004,0.48000000000000004,0x29469395eaf6f95920e59f858042f0e28d98a20b,0xec0b510f89c910b76ddc6c58f767b4813436b9bd,0x9e66c867e1730a98285703a8a10d916541a8baf9,0x6e02e27f03ae982a3de019bcdb01aef3ca8a91e0,3
2245,1721615807,1704983615,1704723239,1620051139,8.82,22.220000000000002,25.01,0.49900000000000005,0x2e7573445b46a305f6b80f86ba56e788b2db7e68,0x4e4e55678bde5c85142a1eeaf959da7c0e108ea2,0x3399705493b0f3d93ebf8aa612b150f7b410b02e,0x29469395eaf6f95920e59f858042f0e28d98a20b,20
8207,1630510770,1629700577,1628057236,1620150083,51.00000000000001,23.400000000000002,12.0,0.38,0x750424250d11662a27646dca8c9f00217d58b842,0x14dec35854c5550afb8fd8394c3cf6593a974666,0x14dec35854c5550afb8fd8394c3cf6593a974666,0x047d70f5cfb2572557433e82a6f3762eff2f878f,6
7008,1626464612,,,1626464612,11.5,,,11.5,0x19bd0ac8d147dfd963b069d06c7d272069495231,0x7bf8bf27e3f300fece90eb785e4f09aba827edde,,,1
1954,1657213908,1654569994,1654563417,1622901700,89.55000000000001,82.0,80.0,1.1,0x807f0c3ecff2ea8c3526110bb3c081fc2f533762,0x17331428346e388f32013e6bec0aba29303857fd,0x83c8f28c26bf6aaca652df1dbbe0e1b56f8baba2,0x6c5deffa0cedc3d8090f0f5fed50612179606da7,8
4005,1622520924,,,1622520924,1.25,,,1.25,0x9f1f7957c0456157485a0fc433a5f86403055432,0xd387a6e4e84a6c86bd90c158c6028a58cc8ac459,,,1
2007,1638866853,1620072958,,1620072958,57.25000000000001,0.5,,0.5,0x160590f7ca4b5734b4001b8ce65b4b24b2c9b3f8,0xc5bc3579f6b3a0a160b6b8c855ac69dbd65f306a,0xc5bc3579f6b3a0a160b6b8c855ac69dbd65f306a,0x137d9174d3bd00f2153dcc0fe7af712d3876a71e,2
7528,1684175435,1683034055,1668136571,1622411026,48.5,50.53,62.50000000000001,1.0,0x29469395eaf6f95920e59f858042f0e28d98a20b,0x2244deba8c0e788a60b30b805ff970e082bdbc5a,0xa72b0c29ddbd1a51344b8b5b87e64bba561edc2c,0x90dc1cd8da9858a8bee4436cc9761c3c24ae77df,5
2663,1637869133,1629771344,1626451904,1619980502,125.00000000000001,69.0,17.0,2.35,0x7eb413211a9de1cd2fe8b8bb6055636c43f7d206,0x31b0c4112a9aa5b79ca5883465bfc4cd013c6282,0x31b0c4112a9aa5b79ca5883465bfc4cd013c6282,0x86ac07b80d32c0b6347d3099ca1e1a18ed2efc58,5
2280,1631812529,1623489751,1622929196,1622929196,44.0,1.9000000000000001,1.25,1.25,0xe526b01b0728c617a2664ce4dd86f289fbbd5ce6,0xc91dc0606c3d2665a6573c78576be424bec3a4ca,0xc91dc0606c3d2665a6573c78576be424bec3a4ca,0xe85dbd073e76a89d31ed6f7cab7f4aa3f0076837,3
2565,1656179335,1656179335,1655044813,1622618143,125.00000000000001,125.00000000000001,86.5,1.2000000000000002,0xa15d26cef04bdb7e212b1fb73cd3e48c62cea08b,0xe4e02d601a8b12c61ce5f1a3751668336b629e1c,0xa15d26cef04bdb7e212b1fb73cd3e48c62cea08b,0xe4e02d601a8b12c61ce5f1a3751668336b629e1c,5
1140,1629840118,1627772399,1626457189,1626457189,48.0,10.0,7.800000000000001,7.800000000000001,0xbb1ec73938b9df4baab4f5c43af96385a862811e,0x800c016b1923653a13b6094f9c8953fdb1cf1efb,0x800c016b1923653a13b6094f9c8953fdb1cf1efb,0xb0cd97f8548036eb18a9dc869346e28586450927,3
4113,1625931794,1623614861,1623280530,1621461576,4.0,2.7,2.1,0.45,0xdb5db0be2e30d408d19016e6d7ff741fd69c935b,0xa2201f091b2e8e5f8adaf8b023b99322b9ea5e66,0xa2201f091b2e8e5f8adaf8b023b99322b9ea5e66,0xc124a73088c871c13d03554da0a11a9c11a651a1,4
8407,1718545919,1630078277,1622682414,1622401722,10.4,42.069,0.8800000000000001,0.65,0x489d9dfbce0986ed4f21a3398c12bbbbff197a6d,0x34489c1017ed75db280355eecb8d35e629579b39,0x34489c1017ed75db280355eecb8d35e629579b39,0x11d91151f54d4edc390ba4fc650afdaef4b676ee,4
6028,1626356766,1625912384,,1625912384,25.000000000000004,9.99,,9.99,0xaaa599b7a81e76a49e1b39938185a82371440b41,0xe9e0755de5100c73e275ba59bab5514086627305,0xe9e0755de5100c73e275ba59bab5514086627305,0x3e3567eb03521aed1047951620cdef6353f763bf,2
2569,1709384711,1623117893,,1623117893,21.252000000000002,2.5,,2.5,0xfa51fde92bd01b1acbfe396070b89eecea26fde5,0x0c54a765c77a88d9cda0bd7ad9b10422848d92ef,0x3d7e3fca7123e687601da8631fe0922a1999a3a7,0xd387a6e4e84a6c86bd90c158c6028a58cc8ac459,2
1426,1736013683,1619972618,,1619972618,23.5,0.48000000000000004,,0.48000000000000004,0x2c8544e15f7bbe44ada5b03733cc32d947f75100,0x0f8bd7b597c655869e58b9c1bcfa4ddfe590259d,0x4a7601ef610dabfc7a969a3044c99fb0fd37bc35,0x442dccee68425828c106a3662014b4f131e3bd9b,2
1142,1632365952,1631303163,1619859100,1619859100,45.0,39.87108868728014,0.25,0.25,0xb4e5e410353d8ffb00df520c36e8e881b4d49d09,0x87ef4444c8e86ac65d356ffc2174fca6ebda0303,0x87ef4444c8e86ac65d356ffc2174fca6ebda0303,0x2c123fc5c27888571cd525e8ae9b0c5ff848386d,3
3187,1636588510,1620260249,,1620260249,49.690000000000005,2.0,,2.0,0xff3d22f855b1630c0d2128fd38fb3daafcdd6180,0x484a12a27e8c95718e0b60d14369bfeaa426aff3,0x484a12a27e8c95718e0b60d14369bfeaa426aff3,0x8dc15fc73c197a7bbd4dbbb9d8911235387e949b,2
8841,1697157851,1697147207,1697142827,1622506002,25.12,25.240000000000002,25.26,0.8400000000000001,0x5e855ce7be7668c36b11e9123009858500b1c495,0xcbb0fe555f61d23427740984325b4583a4a34c82,0xcbb0fe555f61d23427740984325b4583a4a34c82,0x29469395eaf6f95920e59f858042f0e28d98a20b,19
6984,1733324147,1733234375,1641493551,1620184857,22.150000000000002,18.5161,75.80000000000001,0.30000000000000004,0x49e265bcabceb64893189ffc01d786591087c31c,0x2e7573445b46a305f6b80f86ba56e788b2db7e68,0x5b468edb7688e9ae6c1fa5a6d2debbef06e92907,0x06caeb8090e2e7553bdfcb46e48f040fc5131afb,6
6628,1621143408,,,1621143408,0.6000000000000001,,,0.6000000000000001,0xaedaeef37a760d6015fd2c315c8eb09e92db4fac,0x459aad507447e9837fc6890903b5b5426c27d6f7,,,1
1501,1622230333,,,1622230333,0.4,,,0.4,0x7ddb83ff948246990acb685b83a3cf6d5314b9a9,0xb27409bc4109c3cc25a035e2f2d61e9f757e7a99,,,1
8918,1625746125,,,1625746125,12.99,,,12.99,0xb2ea21dff38691db9f1ba280e8bad1683132702d,0xeaaa1cc21e328cce06e55d5b9b1d3ead8bedaf7e,,,1
4581,1622426145,,,1622426145,0.8800000000000001,,,0.8800000000000001,0x7fc55376d5a29e0ee86c18c81bb2fc8f9f490e50,0x721931508df2764fd4f70c53da646cb8aed16ace,,,1
2408,1637071905,1636891749,1630914839,1619927147,47.99,42.0,40.5,0.25,0x9e19323ca5026e102787afdb37ab3d763e14e350,0x1beb1715899a355dfca4c763080e88f35286d025,0x1beb1715899a355dfca4c763080e88f35286d025,0x04fd71a7c80dee02cec42ca7c6941d0940cbf55f,13
4209,1626502423,1624228959,1622573623,1619934132,6.880000000000001,4.7,0.9900000000000001,0.35000000000000003,0xe1e5e3dc5f06dfc5a22698461078d9c46c02f957,0x975222a8365e6ab51b7867524f77261cd4ece06e,0xd472b0798421159999e3db0aaa2d53bc0d7acfa3,0xfb5a4c5e5e922e274410e9e4d280ff6c16ff1072,4
8558,1705094603,1687003187,1686976019,1625824702,22.400000000000002,43.38,43.85,3.1500000000000004,0x2e7573445b46a305f6b80f86ba56e788b2db7e68,0x5483b932e3d83b5eb6c46bda5fb0a4d9f4079f96,0x77e3e957082ca648c1c5b0f3e6aec00ab1245186,0x29469395eaf6f95920e59f858042f0e28d98a20b,8
4064,1633102477,1627968861,1626819804,1622177851,55.00000000000001,17.0,8.0,0.6000000000000001,0xd881873a63289d41a04bb670ac2f6ecae15718e8,0x8d3f70206c4547f0844b9d2a6f3639634ee0bed3,0x8d3f70206c4547f0844b9d2a6f3639634ee0bed3,0x73d855f11cbc037966439570cdf99fcb96057827,5
6691,1624487205,1624272238,1624231291,1624081858,3.9000000000000004,3.5000000000000004,4.300000000000001,3.5000000000000004,0x29516e4f4699c2873e2fd3f5515adc792d2e8e59,0x3dee682ad8fc1bfc3657c59e841d135d51f9662a,0x3dee682ad8fc1bfc3657c59e841d135d51f9662a,0xac431575c4d47ee348ce6d271c7ff1cb64442bb3,4
2246,1640786430,1630060138,1625362584,1620498546,86.0,60.00000000000001,7.6000000000000005,0.45,0x9798a6db2165624b367ab2da32fc676594b4ceb2,0x819884634b84b3f9b71abde27ad1c599d8327176,0x6b3bacba7a6da1d6660079f5fd49fdc167ec5783,0xcb6b7c4334e3083c354b3a0f2b29d22d9a4bb2d4,5
3254,1650466895,1629499450,,1629499450,125.00000000000001,19.0,,19.0,0xf24649899edb01a223a8d4c899b66d35f655a735,0x54c6c8a116cb38f026f2d56d87d96b6d190d4aa4,0x415b2de2a6b2549cbcb8f2f909a483ddc6ba44b2,0x9e64b47bbdb9c1f7b599f11987b84c416c0c4110,2
416,1725268463,1725223367,1689216839,1689216839,12.999,12.13,34.511300000000006,34.511300000000006,0x29469395eaf6f95920e59f858042f0e28d98a20b,0xf76246b0842c92ad5bd745973ca9eb85b937b126,0xf76246b0842c92ad5bd745973ca9eb85b937b126,0x436f56e6b5a85a7d4a74917164123c438b8457e9,3
3495,1623229720,1623180398,1622390322,1622390322,1.6989999999999998,1.4999,0.55,0.55,0xd085e3ed4bbc2e0323f68627a4263d1ff363ea5a,0x49ac75cca2338b6400cbd1e080a09781cf5bc3c5,0x49ac75cca2338b6400cbd1e080a09781cf5bc3c5,0xde5d7d1dbf75b1fbf70be6f4a9a9f5442751a8c1,3
6200,1655098403,1619986956,,1619986956,98.0,0.45,,0.45,0x7b3afc18936f9d0410002cdc9c4f28d772ca41af,0x8874ba15a4843da99f2928545eb721232fdd0743,0xa83db13e2aab594040e35137578cc693b420a2e8,0x6fcade9de3ab9a1e57eab1684cf30e2ceba234fb,2
405,1732310135,1726980143,1726225139,1620314036,16.5,12.749,12.0,0.49000000000000005,0x9b7f0c62e61aff7da768cb2d31e920649a3ee102,0x73e9f114536c6807b6d9388bbf76f5404c621a77,0x73e9f114536c6807b6d9388bbf76f5404c621a77,0x531fb8dc4e65b5bc64def5d4915082ed8fdd8a8c,15
4757,1711631699,1711630211,1711628087,1619975012,12.790438000000002,12.46,12.56,0.28,0x81618d52cd2b4543101b1481f36d6dd8cffdf230,0x95ff3f04eccfa15a2bd12d6daf3ccfc5ad354510,0x95ff3f04eccfa15a2bd12d6daf3ccfc5ad354510,0x29469395eaf6f95920e59f858042f0e28d98a20b,14
8067,1643698841,1620531564,,1620531564,128.0,0.64,,0.64,0x853122933448d4ecbb5403bc72605dadc1caab71,0xff762ea4f0533756735718375ceeb911473192dc,0xa958e6e90f570ca0293a01cdbbb6997de5848850,0x813ec5facf289bd41365a8f1c9038a1228e95201,2
3240,1647678147,1622391146,1620191835,1620088192,109.95,0.65,0.45,0.4,0x87a95295b64c1ea849e38c3849da60a40f4f7e76,0x90dc1cd8da9858a8bee4436cc9761c3c24ae77df,0x3a92b1c299f1bdc57c94efe5d41b646a4bee13ef,0x8625afdbf3744d433d850c681ba881d028253c8a,4
2842,1641188837,1622411389,,1622411389,73.5,0.75,,0.75,0x341b56bff80db5cf51343be776753e599a2b2858,0x95f4b329e61e7158e19e0a157753f748ab0025c8,0xfe0fb970566e5ee272692ce8b831f46317de639c,0xb53349160e38739b37e4bbfcf950ed26e26fcb41,2
2751,1629297843,1629153964,1628034429,1623122841,16.0,15.000000000000002,10.5,2.0,0xd0c225f8b9f766a613c2ba6a5a9f8cc08dbc120e,0x7260f7927a25949c15b7c4cbcf936510bf34c81b,0x7260f7927a25949c15b7c4cbcf936510bf34c81b,0xf7a657e7919b00566aa5f93050ec647a235eff0c,5
2356,1688453351,1678455395,1678450643,1623919983,30.8,68.5,66.56,2.0,0x4a77cba0b22646dd2f6f5a9998527d7d5f49703a,0xa6413dae11e2a4d89d6001e4d2024a55b317330f,0xe276c2eed4fbf6045ba3adb0783b0baf9c6f5cd1,0xa7e25bdcf6a798597de7c86e2874c7079a738452,10
8343,1708100195,1692084215,1689528767,1619944319,26.666,34.27,36.5,0.9890000000000001,0x1544d2de126e3a4b194cfad2a5c6966b3460ebe3,0x6d0267156f1c6ce44caa4bf129b76009d3d41830,0x6d0267156f1c6ce44caa4bf129b76009d3d41830,0x65249532663d15a76007688a8bfa1b109973ad41,8
7167,1705576199,1702326503,1702275887,1626219206,24.75,29.070000000000004,28.990000000000002,4.5,0x3399705493b0f3d93ebf8aa612b150f7b410b02e,0x29469395eaf6f95920e59f858042f0e28d98a20b,0xa69833b9fda816f1bfc79517e7932e64708df0dd,0x29469395eaf6f95920e59f858042f0e28d98a20b,52
2211,1664123999,1664123999,1620148982,1620010352,89.89,89.89,1.5,1.2000000000000002,0x4c9a436aef421725a42d5e25db567ccc14436d6f,0xd52fba65a52214a65c78dc7f95c9fee1f13a5955,0x4c9a436aef421725a42d5e25db567ccc14436d6f,0xd52fba65a52214a65c78dc7f95c9fee1f13a5955,4
8255,1688544635,1688348807,1688304623,1619860001,30.03,27.03,30.700000000000003,0.15000000000000002,0x87bc2f2ba8c83f412fed5c3151de0ffbdc959984,0xd6eb9031fccc32067dc3a2f99d03e9ead5743dc5,0x398abecc8702a78878b3fbe8ee154c625d4ead03,0x020ca66c30bec2c4fe3861a94e4db4a498a35872,20
9485,1637714807,1636833967,1635273787,1624593336,45.0,42.0,40.0,4.0,0xf7e3349ff0f4efbcbc277685b8916edde8104a11,0xab13c76a8f158b9274b859ed677f97a7f97de6c4,0xab13c76a8f158b9274b859ed677f97a7f97de6c4,0xa3b008d3701dde61853ff2319e6f54e819af27cb,7
9520,1697424731,1688275091,1688227487,1668351443,27.98,31.92,34.0,57.690000000000005,0x154a19f86e73cc4ffaa03a2b8a29b19f94bd0870,0x5ac311ef2218a3e9b6465ebefd44ab5490ba4344,0x020ca66c30bec2c4fe3861a94e4db4a498a35872,0x29469395eaf6f95920e59f858042f0e28d98a20b,7
1102,1710643163,1710641147,1710628439,1620008108,14.7399,13.66,13.14,2.75,0x020ca66c30bec2c4fe3861a94e4db4a498a35872,0x84ee124284cfe41b387506e3d6149bee0a9ae652,0x84ee124284cfe41b387506e3d6149bee0a9ae652,0x9ade3067e2f6e9915d0f276687877fbe1515a006,5
1643,1669064375,1669023791,1668968327,1619868806,56.24,56.71,56.6,0.14900000000000002,0x93fab492944a1f140ec6eec82e2108e959ddc77b,0x59a851891e2f0a1ea91351b042dd75b10af095d0,0x59a851891e2f0a1ea91351b042dd75b10af095d0,0x50e00ae08678ebd16b79b84439defa046f18eb76,11
62,1637929749,1620168861,1620003040,1620003040,44.0,0.44000000000000006,0.35000000000000003,0.35000000000000003,0x84ca79ded76700a1d3cf2a0f1c96d1caf9dc6b5f,0xdca46a0d1bf487aaca3013253dafd6e41806522c,0x584adf4fecef9dba129f46b19d13fe70e5ac74fc,0x5e6975dd6d81f76872f094e0c595927e58832332,3
8622,1629863718,1629731940,1624570580,1619974846,42.900000000000006,33.690000000000005,4.840000000000001,0.45,0x960ae7828e4672d6a0d93defefd304bb788c8d8a,0x6e3be30e9da9a8ac92e9e82c49344a28aff0f354,0x6e3be30e9da9a8ac92e9e82c49344a28aff0f354,0x798abbc22fd724bad4e755cc4216503602299da4,5
6721,1707774359,1682466131,1682406839,1619977784,22.580000000000002,53.50000000000001,50.1,0.5,0xa69833b9fda816f1bfc79517e7932e64708df0dd,0xfc7355bf612fb59043b0ac3d728942f41a3e3905,0xfc7355bf612fb59043b0ac3d728942f41a3e3905,0x1919db36ca2fa2e15f9000fd9cdc2edcf863e685,9
9465,1636521599,1622450351,1622405173,1622405173,32.0,0.7200000000000001,0.66,0.66,0x668768b0db25b9c5dc81e2e2d6a7c2a69e249271,0xf019b2770b4fac719b5d2bef115acc50bd3394b3,0x046bf094791e28aa7fc22c8ecc81b65a24b48219,0xb89d16beac18e513743baa6a6e09f60460367ac8,3
2656,1641006852,1637550560,1636895238,1619926086,66.0,42.0,41.99,0.27,0xb4a7131ee5aae57a5de7bbdb80416d7762f5fd1e,0xc0ac56cf556b41da25354cc0199200bf36f79ccc,0xc0ac56cf556b41da25354cc0199200bf36f79ccc,0x74fc5cb7632cc3f9fad7bc2e2f4e2097ff2e1509,6
1227,1654593195,1651835696,1628270379,1623140572,103.01,100.00000000000001,19.490000000000002,2.5,0xd75233704795206de38cc58b77a1f660b5c60896,0xd28e354cf0afca529ad06de529580c054bedab0f,0xd28e354cf0afca529ad06de529580c054bedab0f,0xe5545c0e1b2dcfcd7c713877ceb6f897705ed62a,7
4041,1635515651,1623462504,1623246207,1623246207,65.0,3.3000000000000003,2.7,2.7,0x6b3bacba7a6da1d6660079f5fd49fdc167ec5783,0xfe9c0d49a27c820bc955e8c6fdafee7be318d98a,0xfe9c0d49a27c820bc955e8c6fdafee7be318d98a,0x23ffa72d19450516322c8875fce660d80f732b4c,3
3761,1687708475,1620554344,1619888523,1619888523,45.0,1.2000000000000002,0.27,0.27,0xcebb17835d7c8dc15c7ce0e960c2305eafd2ba1c,0x189a7db7e5b15de17a4882be5ec147cd503668b0,0x189a7db7e5b15de17a4882be5ec147cd503668b0,0x9c83385dcd075c6cdd7d436d092e99487a696d7a,3
4790,1726263383,1726243487,1719586019,1622514819,12.095500000000001,11.6927,10.0,0.8500000000000001,0x6637395681603fee320296aa25b12a682cc72ace,0x3f9343a5b2d1ccad06a07219b7d74e3cbff1b8cb,0x3f9343a5b2d1ccad06a07219b7d74e3cbff1b8cb,0x929d696feeb8cfbf823395ec2c01ef238c422af1,6
7390,1645651375,1643587248,1622075144,1622075144,92.88000000000001,111.111,0.4,0.4,0xbea363401de7e527fe14adb3e9c3d376efec7757,0x3a8a485973882f70556bac161a2456e1b6a8f718,0x3a8a485973882f70556bac161a2456e1b6a8f718,0xce1b719bcdaff881c4b7a3579f591868403bcf9e,3
3333,1688455259,1688274959,1688264567,1619900222,30.150000000000002,31.930000000000003,32.38,0.2,0xad091229354420fce427cf84de20884db20082d4,0x020ca66c30bec2c4fe3861a94e4db4a498a35872,0x020ca66c30bec2c4fe3861a94e4db4a498a35872,0x29469395eaf6f95920e59f858042f0e28d98a20b,9
602,1643743649,1624340061,1624222283,1622141356,150.0,9.5,5.15,1.0,0x62261bae83431db16d01589256e9b39e0d46079e,0xed47015bb8080b9399f9d0ddfc427b9cee2caab1,0x677d38a181084373deb4ea4c16bfb39f59c6d72b,0xce4a22271d0961387309b9f576a3ff2bc8b25e43,4
5760,1635671067,1630300629,1630016861,1624021270,55.00000000000001,65.0,49.0,4.0,0x7f5162ccb1e4be42e2d909dfefe5e592e1484c2d,0x98bb4ac8ae0ed9eef95a7681bda3161b928d34ec,0x5553d247f1278e00adf67064dc31f185905ccb7d,0x5f6957d64e0dc8711654be3d3bf792aedd83a0e6,6
2123,1686695807,1619940974,,1619940974,51.00000000000001,0.9500000000000001,,0.9500000000000001,0x709dc5c73eb23e0a8ddeab35a0519ca1faca85a5,0xa1aafb06268f3396c4683e3f635a4aff0e040e46,0xcfcb181b5cb759160a532964a2f2c3390c6f4221,0x972e633f5f6f62d1f2a13977f113941fcb3b606b,2
3771,1648533048,1645359029,1644945461,1619972118,155.0,105.00000000000001,125.00000000000001,0.4,0xb83c2fd4c54df286bfffbc1c2d41e5ef46ae0407,0x304aa04d546750b0af651ecdbaf1aa1ca57e0b58,0x304aa04d546750b0af651ecdbaf1aa1ca57e0b58,0x3e0defb880cd8e163bad68abe66437f99a7a8a74,8
992,1630513294,1630156253,1620247738,1619926723,42.0,49.5,0.42000000000000004,0.25,0x89d1d8f899db211ad664638e6e92a637b8c83ba3,0xc8d9a5d8cae035624b22f1583b09cb69b8501c21,0xc8d9a5d8cae035624b22f1583b09cb69b8501c21,0xc991fd20ffd2ee620a73ea7dadd051fe86d39b15,5
4726,1631739346,1629438580,1626294565,1626294565,42.0,20.69,6.0,6.0,0xfd56cc4979e33c2ef97d97b63fb664250f33c946,0x10ea740f5526d7e262beae81a4ec8d944824ef1a,0x4017ac301d4abf4c26cd348be93ec61eaa9315ee,0xd45ea29769d923e8a9b45e0b401977677f44e2d7,3
9224,1733179103,1733031335,,1733031335,27.000000000000004,27.000000000000004,,27.000000000000004,0x18beceb3674f20ee3f75c03ef06542c8c882d088,0x0bfff40545a2250c3f11993e7b75dbbcb11e36ac,0x0bfff40545a2250c3f11993e7b75dbbcb11e36ac,0x7476a30f99109803dc289850412131dfba8e754d,2
306,1620068329,,,1620068329,0.8,,,0.8,0xb22ae37469bd75c954f42e1fa219c5bb52c47fd0,0x1d4b9b250b1bd41daa35d94bf9204ec1b0494ee3,,,1
6268,1683972599,1683747047,1683729395,1620068084,45.0,42.6,40.720000000000006,0.75,0x883ea6d41fb4c16fc9020a17c226b94646f36994,0x3df80467c507d8bbdd30aa3ee99fb5a403df1616,0x3df80467c507d8bbdd30aa3ee99fb5a403df1616,0x9f28152ae399a6f1b9760c04972de4f9303c0c9f,7
621,1661210198,1629143331,1626418914,1626345500,64.01,16.0,5.9999,4.300000000000001,0x3ea899819660317a8724d5af4e0becf0cdb08ea4,0x1fcb4fb1c8c239cfde95c833fe5e3564d218733b,0x1fcb4fb1c8c239cfde95c833fe5e3564d218733b,0x6b6c045ec66f06d4887f2f7f87b2a6aa8289923e,4
7702,1619960419,1619940199,1619880059,1619880059,0.39990000000000003,0.16600000000000004,0.17400000000000002,0.17400000000000002,0x3a0b4d141d885cb9d9e84f52edd70263edca5eed,0x33d27f0bb797de3d20e519f4a192b7570c56681b,0x33d27f0bb797de3d20e519f4a192b7570c56681b,0x259f962e77262ee8d97cc6a112d0e0321323ea0d,3
9250,1626493789,,,1626493789,9.98,,,9.98,0x1066b2240e1ed1ee49f8aff6f0d6628663f00c73,0x228c1334fc57eb6e02ecc448e749a041124321c1,,,1
5008,1627083629,1626623240,1626262379,1620007765,6.1000000000000005,6.0,4.800000000000001,0.48000000000000004,0xde731672533d772c4a21bfa0353299c320151de8,0x64905298c0e49751231fb9576903936744061e9c,0xbc9947c8b019f57014f6b9cebe8571d7ace1d2ca,0x7c0fed18a8d04b11125135ace587421684ed08b7,6
2886,1708383707,1624218123,,1624218123,20.720000000000002,4.2069,,4.2069,0xa69833b9fda816f1bfc79517e7932e64708df0dd,0xbeb882685d22edb8d57a6ccc8c275e00b967fcd1,0xbeb882685d22edb8d57a6ccc8c275e00b967fcd1,0x8ad272ac86c6c88683d9a60eb8ed57e6c304bb0c,2
874,1733024987,1732971803,1730133251,1715712383,20.3,18.900000000000002,11.9799,14.100000000000001,0x29469395eaf6f95920e59f858042f0e28d98a20b,0x69b37bb2b6508ad35d112c8dd0b8d4bea6a45fac,0x69b37bb2b6508ad35d112c8dd0b8d4bea6a45fac,0x8e137e4e57bda12744550dc5eabd6fe0bb92b725,11
5443,1729447739,1729438319,1728108563,1651382683,13.97,13.700000000000001,10.82,175.0,0x709dc5c73eb23e0a8ddeab35a0519ca1faca85a5,0x9fc4a721ae053de0f42b4da6c7f842bcb3e35e0b,0x9fc4a721ae053de0f42b4da6c7f842bcb3e35e0b,0x3a10bcbc5c9c0ae8d9c984efa795c5ee4db405af,6
4838,1736785607,1734704267,1716867623,1679569907,15.289000000000001,17.560000000000002,11.280000000000001,62.7,0x52f1103c2b6affd188604dac8427b193bb8003b2,0xf15c93562bc3944a68e938ef75d2a3360d98ca57,0xf15c93562bc3944a68e938ef75d2a3360d98ca57,0x29469395eaf6f95920e59f858042f0e28d98a20b,10
3150,1675409879,1637672066,1636748665,1636748665,78.5,54.00000000000001,40.0,40.0,0x101842ac3acc849f2507339cb8406ffce508b708,0xdfcae82776e3c1740888c8dc5a85638ab0bae0a8,0x75c349a9bb00c1eaacd544510c64ddbd66ace863,0x34dceb3487614b4f357f548b4a0e58f0e7ba3d93,3
4333,1687615895,1687520639,1687517987,1619920190,33.81,36.120000000000005,36.470000000000006,0.31,0x396aa49fae40fa5bf226fac8b80921cf6c98cb9c,0x29469395eaf6f95920e59f858042f0e28d98a20b,0xed2ab4948ba6a909a7751dec4f34f303eb8c7236,0x29469395eaf6f95920e59f858042f0e28d98a20b,12
8154,1620257701,,,1620257701,0.9900000000000001,,,0.9900000000000001,0x3d16356a3ce656b9505ee167fa828b7d03a726de,0x514fc379b4ae674f74dac2a266aff608a9b6507f,,,1
8873,1624425886,,,1624425886,10.25,,,10.25,0x677d38a181084373deb4ea4c16bfb39f59c6d72b,0xcc47fcbfdd6e558fb39cf5ef4d92e59890476b86,,,1
2856,1622538388,,,1622538388,2.6,,,2.6,0x6403cd4d482dfff4f5069433a87b6bd930d78ea1,0xb3af48d951f16425d2fa5a8147ae255ed426f54d,,,1
4560,1705933847,1705570499,1699616975,1626368655,25.32,25.46,29.470000000000002,5.5,0x0097b9cfe64455eed479292671a1121f502bc954,0x5483b932e3d83b5eb6c46bda5fb0a4d9f4079f96,0xa69833b9fda816f1bfc79517e7932e64708df0dd,0x29469395eaf6f95920e59f858042f0e28d98a20b,25
631,1639081256,,,1639081256,60.00000000000001,,,60.00000000000001,0xee8f339939b90cf42b6c4db501fe8c77d484dd6e,0x08d5bd85e9cd8ab2d970995eb1357065ff12ae48,,,1
9729,1720376027,1718899031,1681935287,1619995101,9.68499,8.600000000000001,51.099000000000004,0.48000000000000004,0x4b01b11076be67e07ce491159ff045852de4cbfd,0xf15c93562bc3944a68e938ef75d2a3360d98ca57,0x95ff3f04eccfa15a2bd12d6daf3ccfc5ad354510,0x6b167960601bca97bf14180917882cb3f25e9a32,11
8718,1622747274,1620138680,1619899969,1619899969,1.5,0.9,0.5,0.5,0xca4c7708dc417293a97aa4f80e1a3e7084660ece,0x3d6a89c8751a45dd577a4c1f3b34e71c58236193,0x3d6a89c8751a45dd577a4c1f3b34e71c58236193,0xb5bb1b7e987202e6bcda85f4d13e133391e4b407,3
1299,1622403156,,,1622403156,1.5,,,1.5,0x9758d844125f93e71939c0b3b121eaa2bb9950cf,0xe0da8ed5b7b775b5fdf285131646fe2f54ef0005,,,1
1808,1623621651,,,1623621651,2.0,,,2.0,0x7a9fe22691c811ea339d9b73150e6911a5343dca,0xd387a6e4e84a6c86bd90c158c6028a58cc8ac459,,,1
5748,1626449211,1619863012,,1619863012,11.0,0.5,,0.5,0x898237e3441f8b43e61784fac763a0254b16f563,0x91cda41a25057b30cd003dde076dc91f7a9cb6d9,0x91cda41a25057b30cd003dde076dc91f7a9cb6d9,0x08b5d278a116665aeecf16e60f87891abbbe492a,2
2104,1635698894,,,1635698894,50.00000000000001,,,50.00000000000001,0x7e9045be45bad250d06416a877f00320971c97e0,0xc2e13041b5109ac7b66bc0e72b508f2b0668922f,,,1
8523,1712091659,1682148779,1682071847,1622480543,13.000000000000002,50.00000000000001,47.78,1.0,0xdc8826f4d8f3e1f179b799ac64c11ff44b2b3a53,0xa3e370e8fdb057386e5506286c2cc05610b67f84,0xc9399e81880765e1d77aa9a42d8c37183bf82a14,0x020ca66c30bec2c4fe3861a94e4db4a498a35872,6
6711,1648954904,1641234964,1627794400,1623588955,110.75750000000001,80.0,9.75,1.9000000000000001,0xb9b6b6b18c609bede256655010a31e23978b1285,0x237ae6d5ccc085782951d9debb5ce0edc4245b5c,0xb3a66b7ce5bd65b0ea5c858b9824cba285dc5a8b,0x97836a3ede62abc213900af727fd8d8e6b827517,4
6391,1710728723,1619919899,1619873711,1619873711,13.38,0.24800000000000003,0.19,0.19,0x31d5248020ff8e35f5cce912e3d8ec446db51b5c,0xf585fa336f58518c729e4ea0441293af0f169194,0xf585fa336f58518c729e4ea0441293af0f169194,0xbe194dc9bd6ad7680f5450320049e8c628d9139f,3
8580,1629901505,1629858199,,1629858199,298.0,210.00000000000003,,210.00000000000003,0x76f6d6822e88161aa596002d92576ec9e1caa57b,0x7bef8662356116cb436429f47e53322b711f4e42,0x7bef8662356116cb436429f47e53322b711f4e42,0x721931508df2764fd4f70c53da646cb8aed16ace,2
2794,1623677109,,,1623677109,20.0,,,20.0,0x72a0f106e274cf026047cceb6bda5027000d841b,0x8ad272ac86c6c88683d9a60eb8ed57e6c304bb0c,,,1
4028,1709341367,1624020382,,1624020382,22.69,5.0,,5.0,0xf9d529ee5e3beddc60c9391ab44ac0c08d3c7b72,0xc442df49505d305cd70ed93beb5ee6b8519d4133,0x81590c16b9d1495d133cf881acf5cc0b56730b74,0xd6286c2f9e332cbebf89f8903bdc1143e7eb9f0e,2
4276,1624150864,1624062705,,1624062705,4.2069,3.0,,3.0,0xd7b483815de199bc4920f65cfb3bffe1b04862cd,0xeb09a1a4d49046fe48b981d111553d5a2b26f074,0xeb09a1a4d49046fe48b981d111553d5a2b26f074,0x31a47094c6325d357c7331c621d6768ba041916e,2
2921,1673324963,1640302612,,1640302612,85.42710000000001,57.00000000000001,,57.00000000000001,0x1c2c829671f13e15e0f538c6d0360845f8aa60ce,0xc0f982492c323fcd314af56d6c1a35cc9b0fc31e,0xc0f982492c323fcd314af56d6c1a35cc9b0fc31e,0xeca588e75c8eb0d2322f52c2c90bd525c5a5d93d,2
1934,1710718871,1710226427,1710121127,1622379401,15.000000000000002,14.690000000000001,17.200000000000003,0.9,0xeeeaa8a15051121420887a2a504cf4e6c7621ce7,0xd007058e9b58e74c33c6bf6fbcd38baab813cbb6,0xd007058e9b58e74c33c6bf6fbcd38baab813cbb6,0x88afbeaf312a2fc06ff278794675a95da3a7fdf3,5
4615,1623574302,,,1623574302,2.0,,,2.0,0xaf7499448428e8eb286763fdd2f220c9f74f58a3,0xd387a6e4e84a6c86bd90c158c6028a58cc8ac459,,,1
9084,1710317399,1710254171,1710151943,1619978284,14.8,14.090000000000002,16.220000000000002,0.38,0xaf184b4cbc73a9ca2f51c4a4d80ed67a2578e9f4,0x29469395eaf6f95920e59f858042f0e28d98a20b,0x56d57ab54afce944d917d1793983a129c11e9e6c,0x29469395eaf6f95920e59f858042f0e28d98a20b,5
3607,1730615783,1725163847,1723160279,1619859669,10.290000000000001,12.72,9.55,0.12200000000000001,0x1ea27bce786a81022dfc156059771e8d3279a9a6,0x29469395eaf6f95920e59f858042f0e28d98a20b,0xa4d1b1264038e5b34297ae6396528a06038db5a5,0xc58d63d59ad68930c9fdff6f1ac479c5c9941ef4,25
3968,1656217064,1623011567,1619987778,1619987778,100.00000000000001,2.4000000000000004,1.0,1.0,0xf7c3ed5ae30561c65b3cd13cc265a5753ba212ef,0x54f35e5464222ddece6e7230ac26fd51fa82f0f2,0x504eec66fa2ba8d44163ad484119db60fd59c70c,0x40efe5c2a621720f2a78dc1d977f81049177b97b,3
6247,1719371843,1719339611,1719333179,1619867027,8.4,8.4,8.56,0.19,0x1ea27bce786a81022dfc156059771e8d3279a9a6,0x29469395eaf6f95920e59f858042f0e28d98a20b,0x73d30ba3dc4ffd17c28cc2d75d12e50df98f29cf,0x29469395eaf6f95920e59f858042f0e28d98a20b,21
9837,1619930481,,,1619930481,0.28,,,0.28,0x078ad2aa3b4527e4996d087906b2a3da51bba122,0x7a37a180b143bf8b9b3875c0dcdbc6bca5b0050f,,,1
7071,1668119003,,,1668119003,125.00000000000001,,,125.00000000000001,0xb7c933cbdacb223a62d1b4e904462bc597e04f83,0x93c5c2f6e1400627beddf8faad4ce3a76ba00d07,,,1
4991,1643952340,1643438881,1628029335,1628029335,130.0,105.00000000000001,12.0,12.0,0x9150df052c9ce5a68fb3a0028a657a274ab43258,0x1fd2978ac57fb2f459ef1ab7812b58f29ab437ba,0x1fd2978ac57fb2f459ef1ab7812b58f29ab437ba,0xd5dbc5b9be820fc9d95892eeab47009a60d952bb,3
4904,1620102281,1619935191,1619918943,1619918943,1.25,1.25,0.5,0.5,0x28f8ca3b0eddd849c93986df0fd194252c4e4b03,0x357931791284f40765b462aa7ad217ebf82920cb,0x357931791284f40765b462aa7ad217ebf82920cb,0xa7405c8356a370fd6725252755bd587ff5805840,3
2295,1624260666,,,1624260666,4.800000000000001,,,4.800000000000001,0x8024f47d8b554d267d1a70a056cd45f930f4d0a7,0x31c72d0d03adc76456d3c14a4fe19f8aa8307c16,,,1
6832,1643596358,1641692809,1619983995,1619983995,120.00000000000001,85.69000000000001,0.42000000000000004,0.42000000000000004,0x2c2ed4b3876c442fee80bee76ce0ee2ca2a512af,0xd7a00db470b7de9902d869da1933f5013cebab52,0xd7a00db470b7de9902d869da1933f5013cebab52,0x0dae9b9b5fd58653c3a2fd2c1ab27162a7227549,3
4563,1734780731,1653107716,1650518503,1620247602,17.66,105.00000000000001,129.0,0.9900000000000001,0xe130df8bc4aa17d660f32007bfec9818bb5e6310,0x63f661c7b037ee2e0c9ed3e895720c800a45f37f,0x83c8f28c26bf6aaca652df1dbbe0e1b56f8baba2,0x2479d74112b5bf1684f73d81233f0f9b51256973,4
1850,1623176613,1622525940,,1622525940,2.25,1.3,,1.3,0x7de37b6c6f9166fd441a5e28e43ec4523ce387c8,0xcf474bd551eb74d765451ec654022b147dc1a312,0xcf474bd551eb74d765451ec654022b147dc1a312,0xd387a6e4e84a6c86bd90c158c6028a58cc8ac459,2
4362,1619936154,,,1619936154,0.30000000000000004,,,0.30000000000000004,0x7c1071347c0cec6aeb49613d55f5111049f2276a,0xe913a5fe3faa5f0fa0d420c87337c7cb99a0c6e5,,,1
9118,1689634055,1688789051,1688266595,1688181659,48.5,46.0,42.25,41.75,0x642ef322f6b0a90c524a47de0af915687d2b386b,0xcb415344cd0fc552ce7b48ee9375991ff5865895,0xcb415344cd0fc552ce7b48ee9375991ff5865895,0xb7ef760f30d139097ba547bd6f0dfaecbf148452,4
2581,1692362927,1692362435,1689996503,1623004176,28.69,28.69,37.88,2.0,0x29469395eaf6f95920e59f858042f0e28d98a20b,0xcbb0fe555f61d23427740984325b4583a4a34c82,0xcbb0fe555f61d23427740984325b4583a4a34c82,0x29629f8b5e8b95c13807f837196b82c38f417d47,7
1943,1622296288,,,1622296288,0.55,,,0.55,0xa21462ad03666e767fb030eea91713c9694d181d,0xd387a6e4e84a6c86bd90c158c6028a58cc8ac459,,,1
4148,1636345264,1626352386,1624213983,1624213983,40.0,5.5,4.0,4.0,0xb3ee5011a7965905cde351ea4905ff4725189a3b,0x05c83a1e632f1fe3e00b144aeded275c2ee47995,0x05c83a1e632f1fe3e00b144aeded275c2ee47995,0xc936c28629fbfd9b67f4cd588f77fa853b6669b0,3
2755,1623240082,1619964887,,1619964887,3.29,1.5,,1.5,0x04c52bd080ecf149c16940379ce0b55e466b32c1,0x544fca5eef17d75a273955ba6fd16fe3c6e620aa,0x544fca5eef17d75a273955ba6fd16fe3c6e620aa,0xd387a6e4e84a6c86bd90c158c6028a58cc8ac459,2
5308,1655151057,1622382308,1620246704,1619877350,78.0,0.75,0.37000000000000005,0.2,0x60f4c09f1d3c06190d4d610e752f83dc8ac95ff7,0x7683c22eb00996054fad1d08c9dafc1ac8d58f40,0xbc47c2a1179beb29d33e22bb54039ba625e34be1,0xdf460cdd9a9c043447d308d3e22df30e13d67bd8,4
4186,1719903527,1719757595,1719749435,1619935841,9.610000000000001,10.0899,10.0,0.25,0x899ee6f1dc896c695918b6fc169ec43b84a3e74d,0xbad6f3f82774b9bcb6306cfd0a057cd97e19537a,0x29469395eaf6f95920e59f858042f0e28d98a20b,0x1992a41693310eb9434b5e3ecb564f4739fcc677,9
8269,1628208996,1626542350,1624221896,1624221896,15.89,8.0,4.989000000000001,4.989000000000001,0x72d83253500310b2db40aeb6f974cb34fc32ad67,0xb1e079854268985431935ce53aa54c8e1722fa0d,0xb1e079854268985431935ce53aa54c8e1722fa0d,0x47ef8edf0330cf20bb1b386520df38cb5ff99b13,3
7216,1710192935,1709936399,1699530047,1620381318,15.000000000000002,17.2403,32.5,0.49000000000000005,0x5d0d47f2eea897c2c56f79ff18ce0e3eb24bdd71,0xc301ccb76e60279bd223f25198be3c7239304246,0xf15c93562bc3944a68e938ef75d2a3360d98ca57,0xfd07481b85118b322a0921bcc3c65db242cf272d,8
6228,1634111710,1629113442,1628986892,1624054618,39.900000000000006,14.600000000000001,14.250000000000002,2.0,0x3aa485a8e745fc2bd68abbdb3cf05b58e338d7fe,0x9516f1baf189e7c3219c8f807d1c386fd387a7b0,0x9516f1baf189e7c3219c8f807d1c386fd387a7b0,0xb52235dc0751ce6e171c51fbf459fd6637c6ccc8,10
6496,1634564834,1630567459,1630151096,1623091100,34.2,39.400000000000006,49.999,1.999,0xfe2ae5286ec90608f5340cf5bf4e7d868ada05bd,0x3561592dcde20642155567ce59bc7d1a5c975228,0x3561592dcde20642155567ce59bc7d1a5c975228,0x2fe6294cc584f03c0cd21c172ba67cdeeb6a06bf,5
6998,1636764177,,,1636764177,33.5,,,33.5,0xdd76584517b9b659a3a6a67daecbcbdb825f48ac,0x443b3c251900ecd800a45de2d64a4a21dbc7e22c,,,1
821,1620577191,1619991838,,1619991838,1.4500000000000002,2.5,,2.5,0x8020c5494a9e13ca5e524711c71677a2f3049df7,0x7165a04c41c9e5e67d4850eab1dc6ede84d117f0,0x7165a04c41c9e5e67d4850eab1dc6ede84d117f0,0x09238a2aa20600e9773990677d17fef91e688523,2
2534,1679714183,1679415803,1679415107,1622287185,57.2,58.580000000000005,58.28,0.45,0xfc1511415dc34b7851109aa56568aeffd482ce28,0xc5c758ca460ca1485ff199bef353d0ec5c483867,0xc5c758ca460ca1485ff199bef353d0ec5c483867,0x77e3e957082ca648c1c5b0f3e6aec00ab1245186,7
1705,1621920656,,,1621920656,0.35000000000000003,,,0.35000000000000003,0xa1930e96019bc3ed82b2f1028dc5577d14154a9f,0xd387a6e4e84a6c86bd90c158c6028a58cc8ac459,,,1
3307,1624180633,,,1624180633,6.090000000000001,,,6.090000000000001,0x21a1f5359efa3cb5e5a854af6351d5fca3f89cde,0x8ad272ac86c6c88683d9a60eb8ed57e6c304bb0c,,,1
2422,1699592723,1678419587,1677714887,1621965351,33.74,70.7654,70.49000000000001,0.4,0x0ac60a82f333d41586ede6cca2e2c475cf10d206,0xf15c93562bc3944a68e938ef75d2a3360d98ca57,0x245719eddf2d68ebf8aa54db2550891128962b42,0xed2ab4948ba6a909a7751dec4f34f303eb8c7236,5
2041,1710205835,1619991929,,1619991929,16.85,1.4800000000000002,,1.4800000000000002,0x866e3662ee22e311bc1dbff5bb5e91df917dc361,0x672ce3799f61135ddb64776c1cfe615936593c54,0x8e6df33545b05e1e79dc159c1c2133a3b7cea769,0x442dccee68425828c106a3662014b4f131e3bd9b,2
8482,1622909029,,,1622909029,3.0,,,3.0,0xdc82142e5fa1ad18bee3f351d0c820db63ca5a91,0xd387a6e4e84a6c86bd90c158c6028a58cc8ac459,,,1
9602,1739969339,1739847983,1737120071,1619997030,13.49,12.100000000000001,14.620000000000001,0.5,0x72e0e55a0e7183f666ed234749bd3c8b5ab99261,0x0b1dcff2e768ebb32db9c2b23b97e519a093b3c3,0x1fee3385b22d69e93209db2042be58fcac57b59b,0x29469395eaf6f95920e59f858042f0e28d98a20b,7
5378,1654961449,1622397800,,1622397800,200.00000000000003,1.7000000000000002,,1.7000000000000002,0x65bdc4a3b128c5444ed84910bfaaadbd8d1c4e9c,0xb23190e5e08772bbd8de4ec13b06069488522447,0x08046e2349017615d53d3977c307d39ab4eeb3cf,0xcc47fcbfdd6e558fb39cf5ef4d92e59890476b86,2
4001,1738030667,1738029551,1734875975,1622721977,13.484999,12.82,17.1571,1.5,0xd9318e05ff1d1d03f1fe07888d6d315a313a772f,0xf76246b0842c92ad5bd745973ca9eb85b937b126,0xf76246b0842c92ad5bd745973ca9eb85b937b126,0x29469395eaf6f95920e59f858042f0e28d98a20b,21
7207,1622527074,1620601600,1619877231,1619877231,1.6,0.75,0.29000000000000004,0.29000000000000004,0x77e62fb482027eca49b160e6f7b699fd3621f68f,0x54f6e17a3c2870cf257b1d51ab3b65fd1126d0d0,0x54f6e17a3c2870cf257b1d51ab3b65fd1126d0d0,0x1de6ef717ff10b180e3faa5e359fa8c55204cb8e,3
1097,1709121791,1698820115,1698333671,1619867436,23.12,32.550000000000004,27.130000000000003,0.25,0x29469395eaf6f95920e59f858042f0e28d98a20b,0xbc1665c1c74f7d4cf702f27c6163bc08bd7abe72,0x26c96ea5d70ce434302549e58c41c7a62c282962,0xcafba4ca4a4886ae0938cc8ef91b605db9e4bf08,8
7596,1659588270,1656638351,1639956446,1621733257,79.80000000000001,99.0,50.690000000000005,0.38880000000000003,0x2d66b7ea0c89158d7274aef1019423d968f7864f,0xdd94fe8f7e96d579e82f67d5b0ef6df493f72d80,0xb6674e0f123652ff18fa10ce2eca886fc60e07e4,0xb39734396b95660707ef7f3d3a76e8566ee34377,8
502,1733350871,1733096291,1733091431,1692926267,22.19,20.51,20.700000000000003,23.490000000000002,0xa9805b6e2c80da22a9bf87237095fab8c2cf44ba,0x0d2eb2be84e68497e2eb8c84b72597450f1b23cc,0x0d2eb2be84e68497e2eb8c84b72597450f1b23cc,0x29469395eaf6f95920e59f858042f0e28d98a20b,9
7412,1739562491,1739561999,1739559815,1622480782,14.190000000000001,14.200000000000001,14.21,0.7400000000000001,0x87268afbfb0fc82f992fd793e96f8e470303be8a,0xa8aad55c115a9213d790e11ad90a60f3540fee72,0xa8aad55c115a9213d790e11ad90a60f3540fee72,0x78e11523949f4e53e7caa92ce1be787b53738260,16
3715,1622001267,,,1622001267,0.4,,,0.4,0x549996355abee594d87ee997ed47c2088fb1f289,0xd387a6e4e84a6c86bd90c158c6028a58cc8ac459,,,1
6383,1688439707,1688401139,1624996557,1624051232,29.400000000000002,27.560000000000002,3.99,3.6,0x020ca66c30bec2c4fe3861a94e4db4a498a35872,0x29469395eaf6f95920e59f858042f0e28d98a20b,0x1919db36ca2fa2e15f9000fd9cdc2edcf863e685,0x29469395eaf6f95920e59f858042f0e28d98a20b,4
4110,1628802100,1628015812,1627752127,1619947995,20.0,13.500000000000002,11.49,1.0031584793021264,0xc968416370639a9b74b077a4a8f97076e4ae1d9e,0xb12468c3e1fecba28d3f14e4261e395a7403e108,0xb12468c3e1fecba28d3f14e4261e395a7403e108,0xc15add7eb1ba708bc7189cef6a4c47200b77a52b,5
7633,1622254815,,,1622254815,0.39880000000000004,,,0.39880000000000004,0xb3d2a24537dcdfbd0fa5bde37445d31ed0215607,0xf41fa837908c0318a9a2b739c8fb990bfd4ac8a7,,,1
70,1701126227,1681841147,1681824275,1619988423,33.760000000000005,52.400000000000006,52.52,0.79,0x08f339b38e9b3833b4a00d00492f85f2fa9fdd02,0x286a2103ddf789b5414c684a055bce98847f776e,0x286a2103ddf789b5414c684a055bce98847f776e,0xed2ab4948ba6a909a7751dec4f34f303eb8c7236,15
7812,1620010356,,,1620010356,0.525,,,0.525,0x1efc0e664fae4d145be8599d980cb0a5d7bb3c7a,0x388ed3f43bfdd709dc4bd1236a61c48bcf538e48,,,1
7456,1631252210,1628179895,1628172247,1619876329,58.00000000000001,21.5,12.3,0.393,0xd153fa2aef76f72a9f2321d89c9c186199bfd4e8,0x76a7b89d99793e7b16e8f46bd2d2c6ccf0a7f6ef,0x76a7b89d99793e7b16e8f46bd2d2c6ccf0a7f6ef,0x6903f3a1540946c34e3a577ad6ffcbe43356dcbe,6
8218,1654013906,1621030207,,1621030207,99.0,0.35000000000000003,,0.35000000000000003,0x66dda7b9c769171f2904a6050988746779360961,0x7c3565d658a71526afd6f0e268faff2fe401623a,0x0b742783bfac8d4b6d332e5d1b63f433fcd8c0a0,0xcc47fcbfdd6e558fb39cf5ef4d92e59890476b86,2
6979,1622228854,1620054041,,1620054041,0.49000000000000005,0.5700000000000001,,0.5700000000000001,0xbe8855b53b448c02ae5ad6d388121c933e5ba486,0xf41fa837908c0318a9a2b739c8fb990bfd4ac8a7,0xebca9c3ba3d997ab4489a71c4e886f6d3895683d,0x7193b82899461a6ac45b528d48d74355f54e7f56,2
2553,1661507556,1661507556,1661012113,1620256193,115.00000000000001,115.00000000000001,111.00000000000001,2.0,0xe73a3bd2801d151c7751b5b518983be67a17b6e3,0x1ed3b397504a52fe86bda23cf3d4c016d680e8a9,0xe73a3bd2801d151c7751b5b518983be67a17b6e3,0x1ed3b397504a52fe86bda23cf3d4c016d680e8a9,8
7311,1686464231,1675412315,1675036115,1626344208,47.0,75.99000000000001,79.0,5.5,0xfaf5137f19f0f30aece41e08f77ea274490f0386,0xb2bb7767c46e385515c07ffaa68d1db79b3c845e,0xb2bb7767c46e385515c07ffaa68d1db79b3c845e,0xd62d06ca6d553e1f26cbf7f1e07d6ae49f410dc2,7
3113,1660637204,1619948791,,1619948791,92.6316,1.5,,1.5,0x3c05c8c71fc3bd1e095a71f1ab58a9142b41e8ad,0xed2ab4948ba6a909a7751dec4f34f303eb8c7236,0x72fae93d08a060a7f0a8919708c0db74ca46cbb6,0x5079ac0ec3848744b48a5ed37216620c03619c01,2
4705,1629523284,,,1629523284,20.5,,,20.5,0xf6677a120d17a37e3ec54a2733db6e74121cef37,0x9e64b47bbdb9c1f7b599f11987b84c416c0c4110,,,1
8404,1643059494,1627277106,1626104059,1626104059,95.0,7.1000000000000005,4.25,4.25,0x981cd76e05e350708aae9289bf6f8c9376cd9110,0x519f16c727a122d75bee25d484abd4d3b6740121,0x608e20be9fd36b71914d86b471be32502957bc54,0x77811b6c55751e28522e3de940abf1a7f3040235,3
967,1671553787,1670782211,1670780819,1620569750,72.1224,69.98,70.01,0.5,0x2fe2cea1dc2ad8eb8a3913c91c33c338aafdfb40,0xbe1db1dc16341f7ed608753d94583c458ff4098f,0xbe1db1dc16341f7ed608753d94583c458ff4098f,0xed2ab4948ba6a909a7751dec4f34f303eb8c7236,5
6719,1624242212,1621200455,,1621200455,15.000000000000002,1.33,,1.33,0x8ad272ac86c6c88683d9a60eb8ed57e6c304bb0c,0x3d6a89c8751a45dd577a4c1f3b34e71c58236193,0x059fa0887fd43abb5f13f4b5fc2011f4501cfae8,0x0ad0b792a54704dc7b6f85cbb774106d22e814d9,2
9680,1717383983,1717191275,1716891059,1620081068,11.600000000000001,12.48,11.88,0.32,0xa69833b9fda816f1bfc79517e7932e64708df0dd,0x29469395eaf6f95920e59f858042f0e28d98a20b,0x6d02ce0cd50bff383035e1de5c8b2235fb22e4e8,0x29469395eaf6f95920e59f858042f0e28d98a20b,14
5664,1724454287,1724193659,1720817111,1619863075,14.100000000000001,12.9,10.47,0.19,0x11e5f31fd0e62654912eaea3d403b5a761fb6fd4,0x5ec5c2468674a5d10db93db588fbff5d8da2fdc1,0x5ec5c2468674a5d10db93db588fbff5d8da2fdc1,0x8610df5a928e4bcec0eaf3df4aaa66ca2ceb06ae,11
1130,1626456527,1626197365,,1626197365,6.800000000000001,4.5,,4.5,0xffe4261a55f4d5ae916d1130ce4d9132f9adb262,0x256b4fb1ad00a7e6f130beffa33e435eb1f65b74,0x256b4fb1ad00a7e6f130beffa33e435eb1f65b74,0x69bab6810fa99475854bca0a3dd72ae6a0728ece,2
6615,1639225228,1637044823,1630886614,1630886614,59.690000000000005,46.0,39.99,39.99,0x16718bc9af58ed0dbd074af85f90879be4f2bd9d,0x4e9f238da5e74e2d5774c8492191323a23b3451d,0x4e9f238da5e74e2d5774c8492191323a23b3451d,0x76ea289c8dc50446ea604b89cbbfaf6086fd38a6,3
4009,1664206607,1659802735,1659713140,1622283609,90.0,78.0,78.0,0.45,0xf97abe183dfecff29275fc4ad8151489f8167ce8,0x945daee59af2932c27e8394d59d5751810029ac8,0xaa6831ebe702c0b856c70c18cc9649df04a9820e,0xd164fb7d03e0487a750dee5e5e299ac0f648a7aa,8
8091,1635651041,1624161364,1619997361,1619997361,48.5,7.500000000000001,3.0,3.0,0xc7bfd896cc6a8bf1d09486dd08f590691b20c2ff,0x16205a6048b6af17f1ac1a009bbf2ed9289e6921,0x16205a6048b6af17f1ac1a009bbf2ed9289e6921,0xac0f76a8c30e23bc197d26465e7be319713c5224,3
6541,1650449162,1641141390,,1641141390,130.0,74.0,,74.0,0xb89aa1efbabba5ffeec4048a0644d1758d38850d,0x2be54f7f6e5a7d5b2a458b10af1cb088164804ae,0xaaf330784fb8e2871c3c7ab7e33ff86b9644f362,0x8b0c8c18993a31f57e60d81761f532ef14633153,2
3006,1713435467,1713142739,1628193980,1628193980,14.499,11.700000000000001,42.5,42.5,0x3820c123ca814d9e05c46f30e3b7bb3bab905af5,0x531fb8dc4e65b5bc64def5d4915082ed8fdd8a8c,0x84ee124284cfe41b387506e3d6149bee0a9ae652,0xf15c93562bc3944a68e938ef75d2a3360d98ca57,3
557,1622520931,,,1622520931,3.0,,,3.0,0x04c52bd080ecf149c16940379ce0b55e466b32c1,0x593bdf57d94e576fe6dee7e01a71163bffd0b6fe,,,1
8713,1669088543,1620840461,,1620840461,60.690000000000005,0.34440000000000004,,0.34440000000000004,0x543ecff492b72d041ca1bcb142b749612c9a4dcf,0xaf2f138bb30b7f67b670c2a590355e1e2a7f9f39,0xb5a33d9edf799488b96b609a03c8aa7a5dbcb886,0xda960704e7e4ecb8d907cdcb4bc87d8ec2ed2ad3,2
671,1621538568,,,1621538568,0.42090000000000005,,,0.42090000000000005,0x90859216cfa0a4f99df9ad561778fe726181619c,0x0ca3a3b144148642f68b88bded521ce637db8f3e,,,1
4540,1637521749,1636342156,1620164489,1619987601,108.00000000000001,57.00000000000001,1.5,1.5,0x746a4b63b86df614bd359b57b1b865531e7bffb0,0x6b3bacba7a6da1d6660079f5fd49fdc167ec5783,0xe065776442bd476d0c4b0c07d3cc9de30ecd247f,0xa0c9bba341881a8d8f835194745d312bb56b4284,4
4914,1623213230,1620045651,,1620045651,2.22,0.5900000000000001,,0.5900000000000001,0x038ec7aab907a85bb35ac1ae036addc4c61b613a,0xad286cf287b91719ee85d3ba5cf3da483d631dba,0xad286cf287b91719ee85d3ba5cf3da483d631dba,0xdf36e5163c17eab79d87c395d80fb5895986fbbf,2
9334,1720402775,1720286183,1655925455,1629467256,9.950000000000001,9.5,86.0,18.0,0x3820c123ca814d9e05c46f30e3b7bb3bab905af5,0x3fb65feeab83bf60b0d1ffbc4217d2d97a35c8d4,0x3fb65feeab83bf60b0d1ffbc4217d2d97a35c8d4,0x0780379fd0a4d8a4e61447247226b2e9cbba4004,12
9702,1652200740,1622567134,,1622567134,97.02000000000001,1.0,,1.0,0x9e0352e689da7b12e0b246a76a91db520e7ba120,0x271754ff8f7992a48163d59b8aa55da184a332fb,0x271754ff8f7992a48163d59b8aa55da184a332fb,0xd387a6e4e84a6c86bd90c158c6028a58cc8ac459,2
3754,1627823736,1622564912,,1622564912,9.0,1.0,,1.0,0x00584363400c0b874277edd8cb16bc58b4b00ae2,0x6ed75e90dc27a1241335bbcac03f052a4bf590c0,0x6ed75e90dc27a1241335bbcac03f052a4bf590c0,0x6c8917547a0dd8d3a9658de9176837cfa9dd8933,2
2524,1625464739,1625160346,1625025268,1623125189,4.2,3.3999,2.2520000000000002,2.2,0xd4b5d09a7f72ac7ebc1853fd2663bdd23c059b02,0x20a6f27e11edc08d32c21454b4625eecfb22bb21,0x20a6f27e11edc08d32c21454b4625eecfb22bb21,0x9048d24577d4c4bbf14f1020f20640b334f8c762,4
5543,1628110645,,,1628110645,20.0,,,20.0,0x69684ad2a8366f66b90373d7a3a992342674cbfa,0x648a6e076f8231649f23f07e41bff5464afdd31d,,,1
166,1659753781,1659713445,1629744449,1629744449,81.0,75.0,35.0,35.0,0xf6ac93c5bf408a6330a4572df31dad61985d8049,0xdd94fe8f7e96d579e82f67d5b0ef6df493f72d80,0xdd94fe8f7e96d579e82f67d5b0ef6df493f72d80,0xc22a948593e46b6600db669cc92f5bde828f07d3,3
9874,1624313210,1624296761,,1624296761,3.5899,4.5,,4.5,0x09a26345a7ed7350133934f9b2dfe93a75e01173,0x72b60bff6dcb426982ee5daadf89199a4518ef2b,0x72b60bff6dcb426982ee5daadf89199a4518ef2b,0x6bf97f2534be2242ddb3a29bfb24d498212dcded,2
9798,1642213935,1626011634,1623553951,1623553951,100.00000000000001,4.9,3.0,3.0,0xd7301f48c9924a566ee2906f1b7ed28ff3a36c3f,0x42f7e99900d2e46213a1078a4f8e90169a249a38,0xb2fc1aa1f0d5fa9d34b9825b965c8c5fb1b172de,0x5f231e05e6d0457fd241641333f8846037302562,3
4552,1674152867,1673797823,1673794007,1622355779,71.7857,68.369,67.77000000000001,0.55,0x712fde64ac04202a899f15b393f40a59c0d30699,0x5d5335e6bea4b12dcb942cec1da951ae63f2ae64,0x5d5335e6bea4b12dcb942cec1da951ae63f2ae64,0xed2ab4948ba6a909a7751dec4f34f303eb8c7236,8
2271,1622356750,,,1622356750,2.6500000000000004,,,2.6500000000000004,0x6dde7372072036eefaf880600dee87d5019ad2d2,0xcf388e3e5742c8b78ff13bf07445da255a124248,,,1
4647,1705538831,1705522919,1705462991,1622977845,25.130000000000003,24.96,24.395000000000003,0.9500000000000001,0x2244deba8c0e788a60b30b805ff970e082bdbc5a,0x29469395eaf6f95920e59f858042f0e28d98a20b,0xc502c07f7f537f47470071fd59cd8287238761aa,0x29469395eaf6f95920e59f858042f0e28d98a20b,10
6813,1699481639,1699476107,1699441223,1619863580,30.6,30.150000000000002,29.990000000000002,0.15000000000000002,0x77e3e957082ca648c1c5b0f3e6aec00ab1245186,0x29469395eaf6f95920e59f858042f0e28d98a20b,0x7df70b612040c682d1cb2e32017446e230fcd747,0x29469395eaf6f95920e59f858042f0e28d98a20b,17
9739,1736290187,1736193323,1724098355,1623196949,16.490000000000002,16.329900000000002,12.08,3.7700000000000005,0x25cf64beb03949c6283e719a67434ec64a564534,0x5deccd005df66cdd2f0b668610709e562eb3a00e,0x5deccd005df66cdd2f0b668610709e562eb3a00e,0xf25ad24b791e37e83f4dadfe212e0e9bb45a1f8b,9
6167,1652883295,1648341437,1644123237,1620433381,145.0,138.8,114.88000000000001,0.5,0x542d891303f5b70bbca0ccba83811560f45968a4,0x1abed56b27691ba3b5c0c68d2b0be0f1638e3d4f,0x1abed56b27691ba3b5c0c68d2b0be0f1638e3d4f,0x6449bbb550f1049236d803f0e43759999b9a2bee,8
1021,1670947403,1627484079,1627104632,1624870295,74.21050000000001,7.290000000000001,7.2,3.45,0xc0b38cbf2559d2b4cce80341efe2887fc7c6390d,0x2efb798f5f77b6aa5d9bdf620228817c842cf36d,0x1284552a1f9b75f9a119cd9cfccb1eab208537b6,0x05db3b64e81f33e955fb8ab72eb02c798a5b4620,4
972,1715846699,,,1715846699,14.15,,,14.15,0x56820df011f483794abee16a828eb71174e5aa0b,0xad73ef40783bd9b81ddad1b9815877a7ca2bedf8,,,1
4504,1708379099,1619971424,,1619971424,20.9814,0.37000000000000005,,0.37000000000000005,0x0097b9cfe64455eed479292671a1121f502bc954,0xd0f716638fd372a5ee3656b512eda6691907c3c4,0xd0f716638fd372a5ee3656b512eda6691907c3c4,0x514b1861561fddf86baf8462e001a1584e1b7b83,2
3259,1647582936,1647489978,1639189761,1639189761,89.0,107.50000000000001,99.99900000000001,99.99900000000001,0x76a3e759ef94b344723cf6dcba2a0a88ac69f370,0xcd5bb5e0d06f52363cebbfe1f104b64fb4c44028,0xcd5bb5e0d06f52363cebbfe1f104b64fb4c44028,0xb3ee5011a7965905cde351ea4905ff4725189a3b,3
4582,1623622056,1623117014,1623058997,1623058997,2.99,2.2,2.0,2.0,0x7a9fe22691c811ea339d9b73150e6911a5343dca,0x716ded6892dce2a23b1d8fc9417d5f8131613fd7,0x716ded6892dce2a23b1d8fc9417d5f8131613fd7,0xd5258c2b820d43ac77d42db0f71b2907a4d076b8,3
8055,1633316230,1625878680,1625631408,1619978811,41.800000000000004,3.1990000000000003,2.7600000000000002,0.4,0x7811c6a535ddff8f86bfdeade882e744bc9fe380,0xdf370df571f3d5099ccaf0b236caa08e4fe47c44,0xdf370df571f3d5099ccaf0b236caa08e4fe47c44,0x50ad3e17a73b4847ded97794ed6dd999277325c1,6
7634,1700628683,1698490727,1698033275,1629554505,30.500000000000004,32.99,26.71,31.000000000000004,0x509c7dcc44b43ed55fa43ccdde0b254853e6e3c8,0xe25eb016220d500f13565450abd7ed60a9fbf67d,0xe25eb016220d500f13565450abd7ed60a9fbf67d,0x7c1958ba95ab3170f6069dadf4de304b0c00000c,13
6693,1705826843,1705775195,1702321595,1620023515,24.400000000000002,24.610000000000003,28.92,0.666,0x76c1cfe708ed1d2ff2073490727f3301117767e9,0x29469395eaf6f95920e59f858042f0e28d98a20b,0x95ff3f04eccfa15a2bd12d6daf3ccfc5ad354510,0x29469395eaf6f95920e59f858042f0e28d98a20b,11
2900,1731282647,1684120919,1682951159,1681589291,11.200000000000001,49.25,48.480000000000004,53.730000000000004,0x0590f2cb2a7bab7c0f55a3d9e741efde8231ad29,0xd668191323dac8bda3d11c13f3dbd4479a3641f5,0xd668191323dac8bda3d11c13f3dbd4479a3641f5,0x6cc99abc7e8cc8520d1b2d35b50512ed4a7963e2,6
4645,1687918859,1623324599,,1623324599,36.25,1.35,,1.35,0xad091229354420fce427cf84de20884db20082d4,0x29469395eaf6f95920e59f858042f0e28d98a20b,0x80a40db7895dce583344b87453ece862e4affa1b,0x020ca66c30bec2c4fe3861a94e4db4a498a35872,2
6435,1704989951,1700970863,1694655983,1619862154,39.0,49.0,42.25,1.0,0x880aa7cbf18e42fa185de3a82ad6308a86e2acc1,0xe47e1ac440a31a8c77c825cf30d9a91f6352bc84,0xc42590551efb807dc30d18aae557b5504b018754,0xd08fad95846465203d76807cc50555b7323ff517,6
408,1701210827,1700964167,1700955851,1619913651,29.64,30.220000000000002,30.070000000000004,0.23900000000000002,0x9afef7dac35f070dc3976f0597b8c872f6b19d1d,0x29469395eaf6f95920e59f858042f0e28d98a20b,0x6cfdad0772edc2ea15076a9706ec7c1f0a791ac1,0x29469395eaf6f95920e59f858042f0e28d98a20b,11
7809,1691932895,1690329287,1646669708,1620050036,33.0,32.5,81.9,0.51,0xe25e6d365ae3a86ef0b28cc8c943b1b518780d7b,0xc166b70407f03422bdd700da9380c11ff22a7e38,0xc166b70407f03422bdd700da9380c11ff22a7e38,0x398abecc8702a78878b3fbe8ee154c625d4ead03,7
19,1622206198,,,1622206198,1.5,,,1.5,0xbe8855b53b448c02ae5ad6d388121c933e5ba486,0xc3fbc3f485f0d9b0bd21b13a4aaa8340160156cb,,,1
3131,1623716325,1621232964,1621212986,1621212986,4.0,1.2000000000000002,0.4,0.4,0x74daa69e3bbea9a9185170bd642b7a969ce189b4,0xa07873b25689f1d7d4b91f1d5db9cd8c277c5e23,0xa07873b25689f1d7d4b91f1d5db9cd8c277c5e23,0x53fed1eb683745352886a363cc0b6e3415824ec8,3
392,1620063324,1620054893,,1620054893,0.5990000000000001,0.46,,0.46,0x9ad14abf4986f635d521033bedd8a8ff61801a41,0x1411e65f90b43cdf3008d7075e50ed4b1ce9ed5c,0x1411e65f90b43cdf3008d7075e50ed4b1ce9ed5c,0xea2c15b73e07bdd59caec75c08f675fd4cb04229,2
3892,1619903267,,,1619903267,0.4,,,0.4,0x116d55e17d9a1fd341f9938ef5755a6f5f3a96ad,0x29b1b2d083456fd07b19649f8b85f9927a29b1ab,,,1
3206,1624757085,1624156430,1622852648,1622852648,3.87,4.4,0.9590000000000001,0.9590000000000001,0xd32266484a0ab38c593912288833b60a161de92c,0xa958e6e90f570ca0293a01cdbbb6997de5848850,0xa958e6e90f570ca0293a01cdbbb6997de5848850,0x272c38ad4acc6bd6f4fcb2ca1bd81b85857f0447,3
3921,1673341163,1661200939,1661096698,1619891222,83.33000000000001,69.99000000000001,61.800000000000004,0.15000000000000002,0xf75b77770955e74fbae37c39d0286a41d3e9cd47,0x84e33c4803bbf4abbc233133bb5190959102db8c,0x84e33c4803bbf4abbc233133bb5190959102db8c,0x75cfed3969e79a5e8dd05cbcd116b2c1d3822ae2,14
5570,1715168795,1715150807,1714527119,1626620558,14.89,15.010000000000002,12.520000000000001,7.000000000000001,0xfa0e027fcb7ce300879f3729432cd505826eaabc,0x29469395eaf6f95920e59f858042f0e28d98a20b,0xa69833b9fda816f1bfc79517e7932e64708df0dd,0xda9ed970fc972ebd9a6ae75010c2b64ea393ddc3,20
4728,1647607316,1622495550,1619972618,1619915085,189.0,2.2,1.9999000000000002,0.35000000000000003,0x653c7c5d8b14e0b2b261ed1fcfd652eea0496376,0x28f8ca3b0eddd849c93986df0fd194252c4e4b03,0x7d88aa989068e65190031a13c809e27fcb3aca52,0xc591674216324dc6f5496be098dfb52b674cbaca,4
4524,1622393948,,,1622393948,0.6000000000000001,,,0.6000000000000001,0x773acf0bea96d47dcb7d3ed4a7427e287000418c,0x721931508df2764fd4f70c53da646cb8aed16ace,,,1
2301,1706533451,1706245295,1706243351,1620026008,24.69,25.180000000000003,25.360000000000003,0.5700000000000001,0xf15c93562bc3944a68e938ef75d2a3360d98ca57,0x29469395eaf6f95920e59f858042f0e28d98a20b,0x95ff3f04eccfa15a2bd12d6daf3ccfc5ad354510,0x29469395eaf6f95920e59f858042f0e28d98a20b,8
6632,1619892427,,,1619892427,0.15000000000000002,,,0.15000000000000002,0xfe0f301e16a112128e2c3bc8aaba66d6f899c833,0xcbc7d0ff51d37b60ba741bf566496bba53b5eea2,,,1
3938,1710485363,1654013301,1619890598,1619890598,16.1,89.89,0.15000000000000002,0.15000000000000002,0x3820c123ca814d9e05c46f30e3b7bb3bab905af5,0xcaf4f7017523dd07e59469092fd27cedaba42f04,0xcaf4f7017523dd07e59469092fd27cedaba42f04,0xc457749236328d6e27fc7441cc32f273d6ad05ad,3
7465,1696212395,1694940275,1694863883,1670717819,24.990000000000002,23.930000000000003,23.87,67.5,0xab92fca834aac2afe16cf6a2fc60cc7a864a77a5,0x3ea899819660317a8724d5af4e0becf0cdb08ea4,0xc58d63d59ad68930c9fdff6f1ac479c5c9941ef4,0x020ca66c30bec2c4fe3861a94e4db4a498a35872,31
3760,1619986995,1619982640,1619893513,1619893513,0.8,0.5,0.27,0.27,0xed6692f58f389f7379bbcefdce043789b359bd95,0xad8bfea5890245e7ffe41e60605a89f5a86ab34b,0xad8bfea5890245e7ffe41e60605a89f5a86ab34b,0x5eea506d2825c16bdd6311b8994639e7810b3d36,3
2582,1655426893,1647163493,1639104170,1624053958,87.0,98.98,54.900000000000006,2.0,0xc08f6dd3776d34d827a458ee0c39ce36e16f4bda,0xe5572460d39b74c1bc4d980a70443f6e79354233,0xe5572460d39b74c1bc4d980a70443f6e79354233,0xd511a81ec9aa1016e17af3dff6542227bb514b5c,7
7537,1655249686,1647908831,1633184538,1622611361,1024.0,102.88000000000001,40.99,0.7000000000000001,0xc32cd8c0b24941b2f056023a773e21291b50d6b9,0xf7459cbf58b0607ad39dacd079b6a4ab1ff59c0b,0xf7459cbf58b0607ad39dacd079b6a4ab1ff59c0b,0xdb1c00a5cdc1849f999ff9e417a2556178cf73d7,8
1260,1629110688,1628888317,1627689285,1619858552,14.99,13.13,5.7700000000000005,0.1,0x0d99d9c32d012620ee07dbf0b7a020a633c4fbcd,0x7e6db35729b28f1357f846c0657edc44b4c2fc12,0x7e6db35729b28f1357f846c0657edc44b4c2fc12,0xf3284b154e17de2744b895c616dc8d040707a4c6,11
4099,1651379567,1643659061,1642216022,1619905864,153.88000000000002,116.9,79.0,0.23900000000000002,0x8d1f8ae918550e62e6248cacf9d41a57a8f0439d,0xf380ed92eca580c4d78b5678348389c82772bd61,0xc24e351e2f722be54c31904b46c2b7cd84da4cbd,0x69c488bcda156379b6661f08a35db627e5d467dd,6
5341,1620478902,,,1620478902,0.7000000000000001,,,0.7000000000000001,0xf753a11356cf480bb8e87c0e7b791218cf8912c8,0x721931508df2764fd4f70c53da646cb8aed16ace,,,1
8437,1625795554,1622936424,,1622936424,3.2800000000000002,1.1500000000000001,,1.1500000000000001,0xd13ba43ade61f578216c8826dab12ef3bffc5016,0x7e455caac23eb8ed9884f55ed7e5a42d5dec2bd9,0x7e455caac23eb8ed9884f55ed7e5a42d5dec2bd9,0xb0b2b405c9d09d129e9f9b18c9dd218c532f2b2a,2
5010,1627889313,1626886396,1624134530,1623109927,21.900000000000002,12.500000000000002,8.75,3.7700000000000005,0x2d8d75d4ba64efda74eead05ac6127df4e46efa9,0x5a795f96e8d437dfe7d23aded316e02fe5d6f048,0x5a795f96e8d437dfe7d23aded316e02fe5d6f048,0x320562f05baeeed8aa76a0110008bf0c8c156a8f,7
7782,1710254819,1710151955,1705966451,1702354151,13.860000000000001,16.220000000000002,25.44,28.87,0xab9cb5c61b24e2994daf78673d032a76b9af4e1d,0x29469395eaf6f95920e59f858042f0e28d98a20b,0x95ff3f04eccfa15a2bd12d6daf3ccfc5ad354510,0x29469395eaf6f95920e59f858042f0e28d98a20b,11
112,1705195703,1626549456,1622412571,1622412571,24.399,7.7700000000000005,0.777,0.777,0x020ca66c30bec2c4fe3861a94e4db4a498a35872,0x8081180206852e627d826363c01f62897d3e1575,0x4c00aaae552de7476122687b05589c25d61312df,0xbaaabce9d8b6e0e7b26e107f33ddfc7bd582e301,3
4500,1713197879,1713175139,1713140351,1619906486,10.260000000000002,10.15,10.520000000000001,0.27,0x5ed0f666e6c20f5eeb2214514b56df2adc47a0b2,0xab72db53d82d4e2e6a63f2318e587f6e1f52c02d,0xab72db53d82d4e2e6a63f2318e587f6e1f52c02d,0x29469395eaf6f95920e59f858042f0e28d98a20b,12
716,1718959871,1636818812,1620099373,1619926207,9.9799,45.0,0.5900000000000001,0.35000000000000003,0x27f83795c62ffd29a7ee760593c2df843e03d6cd,0x531fb8dc4e65b5bc64def5d4915082ed8fdd8a8c,0xd760ef23c9a203bd3718e91fc08b412ed49c5846,0x364e6a561879e5b2254f4aa540f8b03d7da94689,5
